=LDR  05702 as a2201057 a 4500
=001  012091912
=003  Uk
=005  20090428155350.0
=007  ta
=008  760602d19561961nyutr1\\\\\\\\1\\\a0eng\d
=010  \\$a07024703$zsn 81006053
=019  0\$as019300026
=019  c\$a2169827
=022  0\$a0096-4778
=030  \\$aTAIMAF
=035  \\$a(OCoLC)ocm02206390
=040  \\$aNSDP$cNSDP$dOCoLC$dNSDP$dInU$dAIP$dDLC$dAIP$dNSDP$dNST$dOCoLC$dNST$dInU$dWaU$dMdU$dDLC$dOCoLC$dOrCS$dUk
=042  \\$ansdp$aukblsr
=050  00$aTN1$b.A5
=082  10$a622$211
=084  \\$aNH 00$2blsrissc
=110  2\$aAmerican Institute of Mining, Metallurgical, and Petroleum Engineers.
=210  0\$aTrans. Am. Inst. Min. Metall. Pet. Eng. Inc.
=222  \0$aTransactions of the American Institute of Mining, Metallurgical, and Petroleum Engineers Incorporated
=245  10$aTransactions of the American Institute of Mining, Metallurgical, and Petroleum Engineers, Incorporated.
=260  \\$aNew York :$bAmerican Institute of Mining, Metallurgical, and Petroleum Engineers,$c1956-
=300  \\$a17 v. ;$c29 cm.
=310  \\$aThree times a year
=336  \\$atext$2rdacontent
=337  \\$aunmediated$2rdamedia
=338  \\$avolume$2rdacarrier
=362  0\$aVol. 205 (1956)-v. 221 (1961).
=520  \\$aIssued in turn as 1. "American Institute of Mining, Metallurgical, and Petroleum Engineers. Mining Branch Transactions" q.v., from 1957 Society of Mining Engineers of AIME. Transactions" q.v. 2. "American Institute of Mining, Metallurgical, and Petroleum Engineers. Metals Branch. Transactions", from 1957" Metallurgical Society of AIME. Transactions" q.v. and 3. Petroleum transactions" q.v.
=540  \\$aBritish Library not licensed to copy$c0$5Uk
=580  \\$aSplit into: Transactions of the Society of Petroleum Engineers of the American Institute of Mining, Metallurgical, and Petroleum Engineers, Inc.; and: Transactions (Society of Mining Engineers of AIME).
=580  \\$aTransactions of the Metallurgical Society of AIME continued in: Journal of metals.
=595  \\$aFORMERLY 8891.230 UP TO VOL. 204, 1955 CONTD AS 5698.650 VOL. 1, 1970- AND 9007.45 VOL. 247, 1970- AND 9008.7 VOL. 249, 1970- SEE ALSO 8982.75 FOR OTHER EXTERNAL HOLDINGS SEE ALSO CARD INDEX.
=650  \0$aMining engineering$vPeriodicals.
=650  \0$aPetroleum engineering$vPeriodicals.
=650  \0$aMetallurgy$vPeriodicals.
=710  2\$aSociety of Mining Engineers of AIME.
=710  2\$aSociety of Petroleum Engineers of AIME.
=710  2\$aSociety of Metallurgical Engineers of AIME.
=780  00$aAmerican Institute of Mining and Metallurgical Engineers.$tTransactions of the American Institute of Mining and Metallurgical Engineers (Incorporated)
=785  16$tTransactions of the Society of Petroleum Engineers of the American Institute of Mining, Metallurgical, and Petroleum Engineers, Inc.$x0081-1696
=785  16$tTransactions (Society of Mining Engineers of AIME)$x0037-9964
=785  11$tJournal of metals
=852  41$aBritish Library$bDSC$j8891.270000$3Vol. 205 (1956)-v. 246 (1969)***UKRR Retained Title
=852  71$aBritish Library$bSTI$2blsrissc$31956- ; Vol.205-
=945  \\$aTRANSACTIONS- AMERICAN INSTITUTE OF MINING METALLURGICAL AND PETROLEUM ENGINEERS INCORPORATED ALL SERIES.
=959  \\$fHeld but not currently received
=ACF  \\$aPrevious copyright fee: GBP9.00$c0$e01-apr-2010$fGBP9.00$g0$hA$5Uk
=ACF  \\$aPrevious copyright fee: GBP6.00$c0$e01-apr-2008$fGBP6.00$g0$hA$5Uk
=ACF  \\$aPrevious copyright fee: GBP5.00$c0$e01-jul-2002$fGBP5.00$g0$hA$5Uk
=ACF  \\$aCurrent copyright fee: GBP4.40$c0$e01-jul-1998$fGBP4.40$g0$hA$5Uk
=ACF  \\$aCurrent copyright fee: GBP4.20$c0$e01-apr-1997$fGBP4.20$g0$hA$5Uk
=ACF  \\$aPrevious copyright fee: GBP10.50$c0$e01-jan-2011$fGBP10.50$g0$hA$5Uk
=ACF  \\$aBritish Library not licensed to copy$c0$e07-sep-2011$hC$iTX$5Uk
=CAT  \\$aCONV$b00$c20040425$lBLL90$h0851
=CAT  \\$aCONV$b00$c20040502$lBLL01$h1456
=CAT  \\$a6537$b40$c20090331$lBLL01$h1407
=CAT  \\$a8871$b40$c20090428$lBLL01$h1553
=CAT  \\$aBATCH$b00$c20091210$lBLL01$h0649
=CAT  \\$aBATCH-UPD$b00$c20100226$lBLL01$h0120
=CAT  \\$aBATCH-UPD$b00$c20100331$lBLL01$h2314
=CAT  \\$aBATCH-UPD$b00$c20100401$lBLL01$h0236
=CAT  \\$aBATCH$b00$c20100401$lBLL01$h0539
=CAT  \\$aBATCH$b00$c20100401$lBLL01$h1610
=CAT  \\$aBATCH-UPD$b00$c20101124$lBLL01$h1931
=CAT  \\$aBATCH-UPD$b00$c20101125$lBLL01$h1159
=CAT  \\$aIPL-CLA$c20101231$lBLL01$h1451
=CAT  \\$aBATCH-UPD$b00$c20110907$lBLL01$h1822
=CAT  \\$aIPL-CLA$c20110908$lBLL01$h1737
=CAT  \\$aBATCH-CLA$b00$c20121109$lBLL01$h1741
=CAT  \\$aWR13.005$c20130323$lBLL01$h1316
=CAT  \\$aBATCH-CLA$b00$c20140228$lBLL01$h1613
=CAT  \\$aIPL-CLA$c20140331$lBLL01$h1624
=CAT  \\$aBATCH-CLA$b00$c20140530$lBLL01$h1708
=CAT  \\$aIPL-CLA$c20140630$lBLL01$h1715
=CFI  0\$aBritish Library not licensed to copy$c0$e01-jul-2014$hC$iCFP Excluded$5Uk
=CFI  2\$aBritish Library not licensed to copy$c0$e01-apr-2014$hC$iCFP Excluded$5Uk
=FIN  \\$aY
=FMT  \\$a  SE
=LAS  \\$aIPL-CLA$b00$c20140630$lBLL01$h1715
=LEO  \\$aMP10.0000582389
=LEO  \\$aMP25.0000001505
=LKR  \\$aPAR$b012091911$lBLL01$r78000$mTransactions of the American Institute of Mining, Metallurgical, and Petroleum Engineers Incorporated$nTransactions of the American Institute of Mining and Metallurgical Engineers (Incorporated).
=SID  \\$aZ39$bLOC
=SRC  \\$aDSS01$bbibmp10.200404.2.aa
=SRC  \\$aSRI01$bbibmp25.200404.2.aa
=TCO  \\$aTRS$bCCC$c008

