=LDR  01854pam a2200601 a 4500
=001  012267519
=003  Uk
=005  20050329142959.0
=008  030414m20039999enk\\\\\\\\\\\000\1\eng\\
=015  \\$aGBA3V9291$2bnb
=016  7\$a012267519$2Uk
=019  y\$abA3U6069
=019  9\$a0575074248
=019  y\$abA3V9291
=019  9\$a057507423x
=020  \\$a057507423X (bk. 1 : cased) :$c£17.99
=020  \\$a0575074248 (bk. 1 : trade pbk.) :$c£12.99
=039  0\$a2751
=040  \\$aStDuBDS$beng$cUk$dUk
=042  \\$aukblsr
=082  04$a823.914$222
=100  1\$aBaxter, Stephen.
=245  10$aCoalescent /$cStephen Baxter.
=260  \\$aLondon :$bGollancz,$c2003-
=300  \\$a473 p. ;$c24 cm.
=336  \\$atext$2rdacontent
=337  \\$aunmediated$2rdamedia
=338  \\$avolume$2rdacarrier
=490  1\$aDestiny's children$vbk. 1
=500  \\$aFormerly CIP.$5Uk
=655  \7$aScience fiction.$2gsafd
=800  1\$aBaxter, Stephen.$tDestiny's children$vbk. 1.
=852  41$aBritish Library$bHMNTS$jNov.2005/350
=852  41$aBritish Library$bHMNTS$ibk. 1
=CAT  \\$aCONV$b00$c20040425$lBLL90$h0535
=CAT  \\$a9523$b40$c20050129$lBLL01$h0802
=CAT  \\$a9523$b40$c20050129$lBLL01$h0803
=CAT  \\$a10932$b40$c20050317$lBLL01$h1429
=CAT  \\$a10932$b40$c20050317$lBLL01$h1445
=CAT  \\$a10932$b40$c20050323$lBLL01$h1116
=CAT  \\$a9666$b40$c20050329$lBLL01$h1429
=CAT  \\$aBATCH$b00$c20091210$lBLL01$h2227
=CAT  \\$aBATCH-UPD$b00$c20120804$lBLL01$h0249
=CAT  \\$aWR16_021$c20160610$lBLL01$h1937
=FIN  \\$aY$d20050317
=FMT  \\$a  BK
=LAS  \\$aWR16_021$b00$c20160610$lBLL01$h1937
=LDO  \\$aCIP
=LEO  \\$aMP5.0000176934
=LEO  \\$aMP5.0000176935
=LEO  \\$aMP5.0000177008
=SRC  \\$aBNB03$bbibmp5.200404.2.aa
=SRC  \\$aLDS01$bbiblm.200404.2.aa

