=LDR  02360cam a2200685 a 4500
=001  012379383
=003  Uk
=005  20220331222045.0
=008  010123s2002\\\\maua\\\\\b\\\\001\0\eng\c
=FMT  \\$a  BK
=010  \\$a  2001025050
=015  \\$aGBA911325$2bnb
=016  7\$a012379383$2Uk
=019  g\$aadv5004906602
=019  a\$aG07632578
=020  \\$a9780632043224 (cased) :$cNo price
=020  \\$a0632043229 (cased) :$cNo price
=035  \\$a(DNLM)101085595
=040  \\$aDNLM/DLC$cDLC$dDLC$dUk
=042  \\$aukblcatcopy
=050  00$aRG571
=050  00$aRG571$b.M23 2002
=060  10$aWP 140$bM266 2001
=082  00$a618$221
=245  00$aManagement of common problems in obstetrics and gynecology /$cedited by Daniel R. Mishell, Jr., T. Murphy Goodwin, Paul F. Brenner.
=250  \\$a4th ed.
=260  \\$aMalden, Mass., ;$aOxford :$bBlackwell,$cc2002.
=300  \\$axiii, 513 p. :$bill. ;$c29 cm.
=336  \\$atext$2rdacontent
=337  \\$aunmediated$2rdamedia
=338  \\$avolume$2rdacarrier
=504  \\$aIncludes bibliographical references and index.
=540  \\$aCurrent Copyright Fee: GBP32.00$c0$5Uk
=650  \2$aGenital Diseases, Female$xtherapy.
=650  \2$aPregnancy Complications$xtherapy.
=650  \0$aPregnancy$xComplications.
=650  \0$aGenerative organs, Female$xDiseases.
=650  12$aGenital Diseases, Female$xtherapy.
=650  22$aPregnancy Complications$xtherapy.
=700  1\$aMishell, Daniel R.,$cJr.
=700  1\$aGoodwin, T. Murphy.
=700  1\$aBrenner, Paul F.
=852  71$aBritish Library$bSTI$2blsrissc
=852  41$aBritish Library$bDSC$jm03/36132
=966  \\$lACQUIS 09/10/2003
=CAT  \\$aCONV$b00$c20040425$lBLL90$h0654
=CAT  \\$aCONV$b00$c20040502$lBLL01$h1507
=CAT  \\$aglobal_upd$b40$c20060417$lBLL01$h1446
=CAT  \\$a6632$b40$c20090206$lBLL01$h1715
=CAT  \\$aBATCH$b00$c20091210$lBLL01$h2306
=CAT  \\$a5194$b40$c20160229$lBLL01$h1207
=CAT  \\$aWR16_021$c20160610$lBLL01$h1938
=CAT  \\$aBATCH-CLAB$c20220330$lBLL01$h1635
=CAT  \\$aIPL-CLA$c20220331$lBLL01$h2220
=CFI  0\$aCurrent Copyright Fee: GBP32.00$c0$e01-apr-2022$fGBP32.00$g0$hC$5Uk
=FIN  \\$aY$d20090206
=LEO  \\$aMP8.0001802846
=SRC  \\$aDSC01$bbibmp8.200404.2.ac
=SRC  \\$aBLL02
=LAS  \\$aIPL-CLA$b00$c20220331$lBLL01$h2220

