=LDR  02960cam a22006973u 4500
=001  012383535
=003  Uk
=005  20221231204018.0
=008  040425|2002\\\\|||\\\\||\\\\o0||\||eng\\
=FMT  \\$a  BK
=019  8\$angb200220055
=019  a\$aG07669230
=020  \\$a0906072573
=040  \\$aUk$cUk
=100  1\$aMonroe, Fiona.
=245  04$aThe fuel picture :$bCAB clients' experience of dealing with fuel suppliers.
=260  \\$bNational Association of Citizens Advice Bureaux, Social Policy and Service Development Unit,$c2002.
=336  \\$atext$2rdacontent
=337  \\$aunmediated$2rdamedia
=338  \\$avolume$2rdacarrier
=540  \\$aCurrent Copyright Fee: GBP25.00$c0$5Uk
=700  1\$aMarks, Susan$c(Writer on consumer problems)
=710  2\$aNational Association of Citizens Advice Bureaux.$bSocial Policy and Service Development Unit.
=852  41$aBritish Library$bHMNTS$jYD.2012.b.1038
=852  41$aBritish Library$bDSC$i3831.039150
=945  \\$aEvidence report - National association of citizens advice bureaux nacab e
=CAT  \\$aCONV$b00$c20040425$lBLL90$h0654
=CAT  \\$aCONV$b00$c20040502$lBLL01$h1507
=CAT  \\$aglobal_upd$b40$c20060417$lBLL01$h1447
=CAT  \\$aBATCH-UPD$b40$c20061221$lBLL01$h0252
=CAT  \\$aBATCH$b00$c20091210$lBLL01$h2308
=CAT  \\$aBATCH-CLA$b00$c20120928$lBLL01$h1824
=CAT  \\$aBATCH-CLA$b00$c20120930$lBLL01$h1025
=CAT  \\$aBATCH-CLA$b00$c20130508$lBLL01$h0707
=CAT  \\$a11014$b40$c20130520$lBLL01$h1530
=CAT  \\$aBATCH-CLA$c20131220$lBLL01$h2004
=CAT  \\$aIPL-CLA$c20131231$lBLL01$h2304
=CAT  \\$aBATCH-CLA$b00$c20161222$lBLL01$h1756
=CAT  \\$aBATCH-UPD$b00$c20161224$lBLL01$h0535
=CAT  \\$aIPL-CLA$c20161230$lBLL01$h2058
=CAT  \\$aBATCH-CLA$b00$c20171222$lBLL01$h2115
=CAT  \\$aIPL-CLA$c20171231$lBLL01$h1611
=CAT  \\$aBATCH-CLA$b00$c20191219$lBLL01$h1724
=CAT  \\$aIPL-CLA$c20191231$lBLL01$h1913
=CAT  \\$aR2001-1524$c20200127$lBLL01$h1958
=CAT  \\$aBATCH-CLA$b00$c20201204$lBLL01$h1524
=CAT  \\$aIPL-CLA$c20201231$lBLL01$h2135
=CAT  \\$aBATCH-CLA$b00$c20221221$lBLL01$h1831
=CAT  \\$aIPL-CLA$c20221231$lBLL01$h2040
=CFI  0\$aCurrent Copyright Fee: GBP25.00$c0$e01-jan-2023$fGBP25.00$g0$hA$5Uk
=CFI  2\$aPrevious Copyright Fee: GBP22.50$c0$e01-jan-2021$fGBP22.50$g0$hA$5Uk
=FIN  \\$aY
=LEO  \\$aMP8.0001813540
=SRC  \\$aDSC01$bbibmp8.200404.2.ac
=TCO  \\$aCLA$bCLA$c008
=ACF  \\$aPrevious copyright fee: GBP12.00$c0$e01-jan-2012$fGBP12.00$g0$hA$5Uk
=ACF  \\$aPrevious Copyright Fee: GBP12.30$c0$e01-jan-2014$fGBP12.30$g0$hA$5Uk
=ACF  \\$aPrevious Copyright Fee: GBP15.00$c0$e01-jan-2017$fGBP15.00$g0$hA$5Uk
=ACF  \\$aPrevious Copyright Fee: GBP17.50$c0$e01-jan-2018$fGBP17.50$g0$hA$5Uk
=ACF  \\$aPrevious Copyright Fee: GBP20.00$c0$e01-jan-2020$fGBP20.00$g0$hA$5Uk
=LAS  \\$aIPL-CLA$b00$c20221231$lBLL01$h2040

