=LDR  03128 as a2200721 a 4500
=001  012401776
=003  Uk
=005  20071107094503.0
=007  ta
=008  050626c19959999lu\ax\p\\f\\\i0\\\a0eng\d
=019  c\$a2534518
=035  \\$a(OCoLC)60743471
=040  \\$aWCL$cWCL$dUk
=042  \\$aukblsr
=043  \\$ae------
=082  04$a368.40094$222
=245  04$aThe community provisions on social security :$byour rights when moving within the European Union.
=260  \\$aLuxembourg :$bOffice for Official Publications of the European Communities,$cc1995-
=300  \\$av. ;$c21 cm.
=310  \\$aAnnual (irregular)
=336  \\$atext$2rdacontent
=337  \\$aunmediated$2rdamedia
=338  \\$avolume$2rdacarrier
=362  0\$a1995-
=490  1\$a<2000-2004>: Employment & social affairs, Social security and social integration
=500  \\$aLatest issue consulted: Update 2004.
=540  \\$aCurrent copyright fee: zero$c0$5Uk
=550  \\$aIssued by: European Commission, Directorate General for Employment, Industrial Relations, and Social Affairs, 1995-; European Commission, Directorate-General for Employment and Social Affairs, Unit E.3, <1999->; European Commission, Directorate-General for Employment, Social Affairs, and Equal Oportunities, Unit E.3.
=595  \\$aSEE ALSO BOOK CATALOGUE.
=650  \0$aSocial security$zEuropean Union countries$vHandbooks, manuals, etc.
=690  7\$aManagement and Business Studies$2blcoll
=690  7\$aSocial Welfare$2blcoll
=710  2\$aEuropean Commission.$bDirectorate-General for Employment, Industrial Relations, and Social Affairs.
=710  2\$aEuropean Commission.$bDirectorate-General for Employment, Social Affairs and Equal Opportunities.$bUnit E.3.
=830  \0$aEmployment & social affairs.$pSocial security and social integration
=852  41$aBritish Library$bHMNTS$jEU368.40094
=852  41$aBritish Library$bDSC$jm05/.33837
=852  41$aBritish Library$bHMNTS$jEU362.94
=852  71$aBritish Library$bSTI$2blsrissc$3Update 2004
=852  41$aBritish Library$bDSC$j3363.648860$31995- 1996, 2000, 2004
=945  \\$aCOMMUNITY PROVISIONS ON SOCIAL SECURITY
=959  \\$fHeld but not currently received
=A02  \\$a2534518
=CAT  \\$aCONV$b00$c20040425$lBLL90$h0701
=CAT  \\$aCONV$b00$c20040502$lBLL01$h1507
=CAT  \\$c20041010$lBLL01$h2019
=CAT  \\$a7233$b40$c20050623$lBLL01$h1023
=CAT  \\$a8323$b40$c20071107$lBLL01$h0945
=CAT  \\$aBATCH$b00$c20090610$lBLL01$h1715
=CAT  \\$aBATCH$b00$c20091210$lBLL01$h2316
=CAT  \\$aBATCH$b00$c20110625$lBLL01$h0502
=CAT  \\$aBATCH-SWP4$c20110627$lBLL01$h1542
=CAT  \\$aWR13.005$c20130323$lBLL01$h1456
=CAT  \\$aBATCH-UPD$b00$c20140915$lBLL01$h2039
=CFI  0\$aCurrent copyright fee: zero$c0$e01-jul-2002$fGBP0.00$g0$hZ$5Uk
=CFI  2\$aCurrent copyright fee: GBP4.20$c0$e01-apr-1997$fGBP4.20$g0$hA$5Uk
=FIN  \\$aY
=FMT  \\$a  SE
=LAS  \\$aBATCH-UPD$b00$c20140915$lBLL01$h2039
=LEO  \\$aMP10.0000158004
=SID  \\$aZ39$bOCLC
=SRC  \\$aDSS01$bbibmp10.200404.2.aa
=TCO  \\$aXXX$c008

