=LDR  03798cas a22009613  4500
=001  012409435
=003  Uk
=005  20171103144340.0
=007  ta
=008  040409c18669999au\\x\m\\\\\\\0\\\b0lat\\
=FMT  \\$a  SE
=019  c\$a2056687
=019  x\$a3394510235
=019  s\$aoams01256
=022  0\$a1816-3882
=040  \\$aUk$cUk$dUk
=210  1\$aCorpus scr. eccles. lat.
=222  \0$aCorpus scriptorum ecclesiasticorum Latinorum
=245  00$aCorpus scriptorum ecclesiasticorum Latinorum.
=260  \\$aVindobonae [i.e. Vienna] :$bHoelder-Pichler-Tempsky
=300  \\$av. :$bill. ;$c24 cm.
=310  \\$aIrregular
=336  \\$atext$2rdacontent
=337  \\$aunmediated$2rdamedia
=338  \\$avolume$2rdacarrier
=362  1\$aBegan in 1866.
=500  \\$aImprint varies.
=500  \\$aEach volume has also special title page.
=515  \\$aVol. 25:1 called Nova series, v. 10.
=550  \\$aIssued by: Academia Litterarum Caesarae Vindobonensis, v. 1-70; by: Academia Scientiarum Austriaca, v. 71-
=595  \\$aSEE ALSO SERIAL RECORDS OXUFS AND CARD INDEX.
=540  \\$aBritish Library not licensed to copy$c0$5Uk
=650  \0$aFathers of the church.
=650  \0$aFathers of the church, Latin.
=710  2\$aKaiserl. Akademie der Wissenschaften in Wien.
=710  2\$aAkademie der Wissenschaften in Wien.
=710  2\$aÖsterreichische Akademie der Wissenschaften.
=852  11$aBritish Library$bHMNTS$cSPHOA$kMSS.$270$31866-
=852  41$aBritish Library$bHMNTS$jZF.9.a.11298
=852  41$aBritish Library$bDSC$j3472.131000
=945  \\$aCORPUS SCRIPTORUM ECCLESIASTICORUM LATINORUM.
=959  \\$fHeld but not currently received
=963  \\$a1866- *A=1$bY$c44:1.C.5
=A02  \\$a2056687
=CAT  \\$aCONV$b00$c20040425$lBLL90$h0701
=CAT  \\$aCONV$b00$c20040502$lBLL01$h1508
=CAT  \\$c20041010$lBLL01$h2023
=CAT  \\$aBATCH-UPD$b00$c20080223$lBLL01$h2247
=CAT  \\$aBATCH-UPD$b00$c20080226$lBLL01$h0210
=CAT  \\$aBATCH-UPD$b00$c20080330$lBLL01$h0738
=CAT  \\$aBATCH-UPD$b00$c20080330$lBLL01$h1539
=CAT  \\$aBATCH$b00$c20080330$lBLL01$h2243
=CAT  \\$aBATCH$b00$c20091210$lBLL01$h2319
=CAT  \\$aBATCH$b00$c20091214$lBLL01$h0838
=CAT  \\$aBATCH$b00$c20091216$lBLL01$h0213
=CAT  \\$aBATCH-UPD$b00$c20100226$lBLL01$h0128
=CAT  \\$aBATCH-UPD$b00$c20100331$lBLL01$h2322
=CAT  \\$aBATCH-UPD$b00$c20100401$lBLL01$h0242
=CAT  \\$aBATCH$b00$c20100401$lBLL01$h0545
=CAT  \\$aBATCH$b00$c20100401$lBLL01$h1617
=CAT  \\$aBATCH-UPD$b00$c20101124$lBLL01$h1937
=CAT  \\$aBATCH-UPD$b00$c20101125$lBLL01$h1205
=CAT  \\$aIPL-CLA$c20101231$lBLL01$h1500
=CAT  \\$aBATCH-UPD$b00$c20110907$lBLL01$h1823
=CAT  \\$aIPL-CLA$c20110908$lBLL01$h1738
=CAT  \\$aBATCH-CLA$b00$c20121109$lBLL01$h1737
=CAT  \\$aWR13.005$c20130323$lBLL01$h1459
=CAT  \\$a8874$b40$c20171103$lBLL01$h1441
=CAT  \\$a8874$b40$c20171103$lBLL01$h1443
=CFI  0\$aBritish Library not licensed to copy$c0$e07-sep-2011$hC$iTX$5Uk
=CFI  2\$aPrevious copyright fee: GBP10.50$c0$e01-jan-2011$fGBP10.50$g0$hA$5Uk
=FIN  \\$aY
=LEO  \\$aMP10.0000168878
=LEO  \\$aMP1.0004056768
=SRC  \\$aBLS01$bbibmp1.200404.2.ae
=SRC  \\$aDSS01$bbibmp10.200404.2.aa
=TCO  \\$aXXX$c008
=ACF  \\$aPrevious copyright fee: GBP9.00$c0$e01-apr-2010$fGBP9.00$g0$hA$5Uk
=ACF  \\$aPrevious copyright fee: GBP6.00$c0$e01-apr-2008$fGBP6.00$g0$hA$5Uk
=ACF  \\$aPrevious copyright fee: GBP5.00$c0$e01-jul-2002$fGBP5.00$g0$hA$5Uk
=ACF  \\$aCurrent copyright fee: GBP4.40$c0$e01-jul-1998$fGBP4.40$g0$hA$5Uk
=ACF  \\$aCurrent copyright fee: GBP4.20$c0$e01-apr-1997$fGBP4.20$g0$hA$5Uk
=LAS  \\$a8874$b40$c20171103$lBLL01$h1443

