=LDR  04371cas a2200997ua 4500
=001  012410338
=003  Uk
=005  20221231204408.0
=007  ta
=008  040409d19191919enkmr\p\\\\\\\0\\\a0eng\\
=FMT  \\$a  SE
=019  c\$a2285759
=019  x\$a2532510129
=040  \\$aUk$cUk$dUk
=245  04$aThe monthly chapbook.
=260  \\$aLondon :$b[The Poetry Bookshop],$c1919.
=300  \\$av. :$bill. ;$c22 cm.
=310  \\$aMonthly
=336  \\$atext$2rdacontent
=337  \\$aunmediated$2rdamedia
=338  \\$avolume$2rdacarrier
=362  0\$aVol. 1, no. 1 (July 1919)-v. 1, no. 6 (Dec. 1919).
=500  \\$aEach issue also has a distinctive title.
=500  \\$a(Poetry & Drama, New series.) ... Edited by Harold Monro.
=500  \\$aNo. 6 consists of songs with piano accompaniment.
=595  \\$aFORMERLY 6541.7544N CONTD AS 3129.73 SEE ALSO SERIAL RECORDS USC AND CARD INDEX.
=540  \\$aCurrent Copyright Fee: GBP25.00$c0$5Uk
=650  \0$aLiterature$xHistory and criticism$vPeriodicals.
=650  \0$aPoetry$vPeriodicals.
=655  \4$aPeriodical publications.- London
=780  00$tPoetry and drama
=785  00$tChapbook (London, England)
=852  \\$aBritish Library$bHMNTS$zItems held in a box together with 1920-1925 issues (changed title). See pressmark: CUP 936.2543$3No. 1 (July 1919)-no. 6 (Dec. 1919)***Another set
=852  41$aBritish Library$bHMNTS$jCup.400.b.2.$3No. 1 (July, 1919)-no. 6 (Dec. 1919)
=945  \\$aMonthly Chapbook.
=963  \\$aNO. 1, 1919- 6, 1919 *A=1$bN$cT727.C.21
=979  \\$aBritish Library$bDSC$j5936.330000N
=985  \\$aRecord merged by DQ team
=A02  \\$a2285759
=CAT  \\$aCONV$b00$c20040425$lBLL90$h0706
=CAT  \\$aBATCH-UPD$b00$c20100226$lBLL01$h0129
=CAT  \\$aBATCH-UPD$b00$c20100331$lBLL01$h2322
=CAT  \\$aBATCH-UPD$b00$c20100401$lBLL01$h0242
=CAT  \\$aBATCH$b00$c20100401$lBLL01$h0546
=CAT  \\$aBATCH$b00$c20100401$lBLL01$h1618
=CAT  \\$aBATCH-UPD$b00$c20101124$lBLL01$h1937
=CAT  \\$aBATCH-UPD$b00$c20101125$lBLL01$h1205
=CAT  \\$aIPL-CLA$c20101231$lBLL01$h1500
=CAT  \\$aWR11_203$c20111204$lBLL01$h1500
=CAT  \\$aIPL-CLA$c20111230$lBLL01$h2005
=CAT  \\$aBATCH-CLA$b00$c20121109$lBLL01$h1737
=CAT  \\$aWR13.005$c20130323$lBLL01$h1500
=CAT  \\$aBATCH-CLA$c20131220$lBLL01$h2013
=CAT  \\$aIPL-CLA$c20131231$lBLL01$h2315
=CAT  \\$aBATCH-CLA$b00$c20161222$lBLL01$h1758
=CAT  \\$aIPL-CLA$c20161230$lBLL01$h2106
=CAT  \\$aBATCH-CLA$b00$c20171222$lBLL01$h2117
=CAT  \\$aIPL-CLA$c20171231$lBLL01$h1617
=CAT  \\$aBATCH-CLA$b00$c20191219$lBLL01$h1726
=CAT  \\$aIPL-CLA$c20191231$lBLL01$h1917
=CAT  \\$aR2001-1524$c20200127$lBLL01$h1959
=CAT  \\$aBATCH-CLA$b00$c20201204$lBLL01$h1526
=CAT  \\$aIPL-CLA$c20201231$lBLL01$h2140
=CAT  \\$aBATCH-CLA$b00$c20221221$lBLL01$h1834
=CAT  \\$aIPL-CLA$c20221231$lBLL01$h2044
=CFI  0\$aCurrent Copyright Fee: GBP25.00$c0$e01-jan-2023$fGBP25.00$g0$hA$5Uk
=CFI  2\$aPrevious Copyright Fee: GBP22.50$c0$e01-jan-2021$fGBP22.50$g0$hA$5Uk
=FIN  \\$aY
=LEO  \\$aMP1.0003034322
=LEO  \\$aMP10.0000382974
=LKR  \\$aPAR$b007865309$lBLL01$r78000$mThe monthly chapbook.$nPoetry and Drama.
=SRC  \\$aBLS01$bbibmp1.200404.2.ad
=SRC  \\$aDSS01$bbibmp10.200404.2.aa
=TCO  \\$aCLA$bCLA$c008
=ACF  \\$aPrevious copyright fee: GBP9.00$c0$e01-apr-2010$fGBP9.00$g0$hA$5Uk
=ACF  \\$aPrevious copyright fee: GBP6.00$c0$e01-apr-2008$fGBP6.00$g0$hA$5Uk
=ACF  \\$aPrevious copyright fee: GBP5.00$c0$e01-jul-2002$fGBP5.00$g0$hA$5Uk
=ACF  \\$aCurrent copyright fee: GBP4.40$c0$e01-jul-1998$fGBP4.40$g0$hA$5Uk
=ACF  \\$aCurrent copyright fee: GBP4.20$c0$e01-apr-1997$fGBP4.20$g0$hA$5Uk
=ACF  \\$aPrevious copyright fee: GBP10.50$c0$e01-jan-2011$fGBP10.50$g0$hA$5Uk
=ACF  \\$aPrevious copyright fee: GBP12.00$c0$e01-jan-2012$fGBP12.00$g0$hA$5Uk
=ACF  \\$aPrevious Copyright Fee: GBP12.30$c0$e01-jan-2014$fGBP12.30$g0$hA$5Uk
=ACF  \\$aPrevious Copyright Fee: GBP15.00$c0$e01-jan-2017$fGBP15.00$g0$hA$5Uk
=ACF  \\$aPrevious Copyright Fee: GBP17.50$c0$e01-jan-2018$fGBP17.50$g0$hA$5Uk
=ACF  \\$aPrevious Copyright Fee: GBP20.00$c0$e01-jan-2020$fGBP20.00$g0$hA$5Uk
=LAS  \\$aIPL-CLA$b00$c20221231$lBLL01$h2044

