=LDR  03837cas a2200925 i 4500
=001  012414458
=003  Uk
=005  20221231204453.0
=007  ta
=008  040409c19789999enkbr\p\\\\\\\0\\\a0eng\\
=FMT  \\$a  SE
=019  c\$a2479494
=040  \\$aUk$beng$cUk$erda
=042  \\$aukblsr
=082  04$a625.1905$223
=245  00$aN gauge journal.
=264  \0$a[Wallasey] :$bN Gauge Society,$c1978-
=300  \\$billustrations (colour) ;$c21 cm
=310  \\$aBimonthly
=336  \\$atext$2rdacontent
=337  \\$aunmediated$2rdamedia
=338  \\$avolume$2rdacarrier
=362  1\$aBegan in 1978.
=588  \\$aDescription based on: 1 (January/February 2021).
=540  \\$aCurrent Copyright Fee: GBP25.00$c0$5Uk
=650  \0$aRailroads$xModels$vPeriodicals.
=650  \0$aRailroad trains$xModels$vPeriodicals.
=710  2\$aN Gauge Society (1978- ),$eissuing body.
=787  0\$tN gauge newsletter
=852  41$aBritish Library$bHMNTS$kZC.9.a.9940$3Vol. 2 No. 1 (Jan./Feb)-
=852  41$aBritish Library$bHMNTS$jZC.9.a.9940$3Vol. 1 (Jan./Feb. 2021)-
=945  \\$aN GAUGE JOURNAL.
=963  \\$a1985(4)- 1993(6) *A=1$bN$cL426.C.302
=979  \\$aBritish Library$bDSC$j6001.130000N
=985  \\$aUpgraded by BSS-generated file for WR2011-1472
=A02  \\$a2479494
=CAT  \\$aCONV$b00$c20040425$lBLL90$h0707
=CAT  \\$aBATCH$b00$c20100401$lBLL01$h0547
=CAT  \\$aBATCH$b00$c20100401$lBLL01$h1619
=CAT  \\$aBATCH-UPD$b00$c20101124$lBLL01$h1938
=CAT  \\$aBATCH-UPD$b00$c20101125$lBLL01$h1206
=CAT  \\$aIPL-CLA$c20101231$lBLL01$h1502
=CAT  \\$aWR11_203$c20111204$lBLL01$h1502
=CAT  \\$aIPL-CLA$c20111230$lBLL01$h2007
=CAT  \\$aBATCH-CLA$b00$c20121109$lBLL01$h1737
=CAT  \\$aWR13.005$c20130323$lBLL01$h1502
=CAT  \\$aBATCH-CLA$c20131220$lBLL01$h2015
=CAT  \\$aIPL-CLA$c20131231$lBLL01$h2317
=CAT  \\$aBATCH-CLA$b00$c20161222$lBLL01$h1758
=CAT  \\$aIPL-CLA$c20161230$lBLL01$h2107
=CAT  \\$aBATCH-CLA$b00$c20171222$lBLL01$h2118
=CAT  \\$aIPL-CLA$c20171231$lBLL01$h1618
=CAT  \\$aBATCH-CLA$b00$c20191219$lBLL01$h1727
=CAT  \\$aIPL-CLA$c20191231$lBLL01$h1918
=CAT  \\$aW2011-1472$b00$c20201127$lBLL01$h1801
=CAT  \\$aBATCH-CLA$b00$c20201204$lBLL01$h1527
=CAT  \\$aIPL-CLA$c20201231$lBLL01$h2141
=CAT  \\$a5110$b40$c20210705$lBLL01$h1148
=CAT  \\$a11205$b40$c20210728$lBLL01$h1210
=CAT  \\$aBATCH-UPD$b40$c20220524$lBLL01$h1409
=CAT  \\$aBATCH-CLA$b00$c20221221$lBLL01$h1834
=CAT  \\$aIPL-CLA$c20221231$lBLL01$h2044
=CFI  0\$aCurrent Copyright Fee: GBP25.00$c0$e01-jan-2023$fGBP25.00$g0$hA$5Uk
=CFI  2\$aPrevious Copyright Fee: GBP22.50$c0$e01-jan-2021$fGBP22.50$g0$hA$5Uk
=FIN  \\$aY
=LEO  \\$aMP10.0000388440
=SRC  \\$aDSS01$bbibmp10.200404.2.aa
=TCO  \\$aZZZ$c008
=ACF  \\$aPrevious copyright fee: GBP9.00$c0$e01-apr-2010$fGBP9.00$g0$hA$5Uk
=ACF  \\$aPrevious copyright fee: GBP6.00$c0$e01-apr-2008$fGBP6.00$g0$hA$5Uk
=ACF  \\$aPrevious copyright fee: GBP5.00$c0$e01-jul-2002$fGBP5.00$g0$hA$5Uk
=ACF  \\$aCurrent copyright fee: GBP4.40$c0$e01-jul-1998$fGBP4.40$g0$hA$5Uk
=ACF  \\$aCurrent copyright fee: GBP4.20$c0$e01-apr-1997$fGBP4.20$g0$hA$5Uk
=ACF  \\$aPrevious copyright fee: GBP10.50$c0$e01-jan-2011$fGBP10.50$g0$hA$5Uk
=ACF  \\$aPrevious copyright fee: GBP12.00$c0$e01-jan-2012$fGBP12.00$g0$hA$5Uk
=ACF  \\$aPrevious Copyright Fee: GBP12.30$c0$e01-jan-2014$fGBP12.30$g0$hA$5Uk
=ACF  \\$aPrevious Copyright Fee: GBP15.00$c0$e01-jan-2017$fGBP15.00$g0$hA$5Uk
=ACF  \\$aPrevious Copyright Fee: GBP17.50$c0$e01-jan-2018$fGBP17.50$g0$hA$5Uk
=ACF  \\$aPrevious Copyright Fee: GBP20.00$c0$e01-jan-2020$fGBP20.00$g0$hA$5Uk
=LAS  \\$aIPL-CLA$b00$c20221231$lBLL01$h2044

