=LDR  05049 as a22010937a 4500
=001  012427986
=003  Uk
=005  20210216105505.0
=007  ta
=008  040409d19972013dk\ar\p\\s\\\\0\\\a0eng\\
=019  c\$a2590772
=022  0\$a1398-0017$y0903-7004
=040  \\$aUk$beng$cUk$dUk
=041  0\$aeng$aswe
=222  \0$aNordic statistical yearbook
=245  00$aNordic statistical yearbook =$bNordisk statistisk årsbok.
=246  31$aNordisk statistisk årsbok
=246  1\$iCD's known as:$aNordic statistics
=260  \\$aCopenhagen :$bNordic Council of Ministers,$c1997-
=300  \\$av. :$bcol. ill., col. maps ;$c25 cm. +$eCD-ROMs
=310  \\$aAnnual
=336  \\$atext$2rdacontent
=337  \\$aunmediated$2rdamedia
=338  \\$avolume$2rdacarrier
=362  0\$aVol. 35 (1997)-
=490  1\$aNORD,$x0903-7004
=500  \\$aVols. for 1997- accompanied by a CD-ROM with title: Nordic statistics.
=500  \\$aLatest issue consulted: Vol. 43 (2005).
=538  \\$aSystem requirements for accompanying CD-ROM: IBM or IBM compatible; Intel 80386 minimum; 4 MB RAM; Windows 3.x, Windows 95, Windows NT; Soft windows on Macintosh and Windows on OS/2; VGA or EGA graphics, 128 KB minimum; color or monochrome screen.
=540  \\$aBritish Library not licensed to copy$c0$5Uk
=546  \\$aParallel text in English and Swedish.
=546  \\$aEnglish and Swedish.
=595  \\$aFormerly 9414.643000.
=651  \0$aScandinavia$vStatistics$vPeriodicals.
=710  2\$aNordic Council of Ministers.
=740  02$aNordic statistics.
=780  00$tYearbook of Nordic statistics$x0078-1088
=830  \0$aNORD (Series)
=852  11$aBritish Library$bHMNTS$jSPR.CD.1019$3Accompanying software
=852  11$aBritish Library$bHMNTS$jUNP.51/6
=852  41$aBritish Library$bHMNTS$kOPL.$h948.00212$3Vol. 41 (2003)-v. 51 (2013)
=945  \\$aNORDIC STATISTICAL YEARBOOK.
=963  \\$aVOL. 36, 1998- *A=1$bN$cOP.31200.1.01
=979  \\$aBritish Library$bDSC$j6117.933100N
=ACF  \\$aBritish Library not licensed to copy$c0$e01-apr-2012$hC$iCLA Excluded$5Uk
=ACF  \\$aBritish Library not licensed to copy$c0$e01-jan-2012$hC$iCLA Excluded$5Uk
=ACF  \\$aBritish Library not licensed to copy$c0$e01-oct-2011$hC$iCLA Excluded$5Uk
=ACF  \\$aPrevious copyright fee: GBP10.50$c0$e01-jan-2011$fGBP10.50$g0$hA$5Uk
=ACF  \\$aPrevious Copyright Fee: GBP5.71$c0$e01-jul-2009$fGBP5.71$g0$hC$5Uk
=ACF  \\$aPrevious Copyright Fee: GBP5.71$c0$e01-apr-2009$fGBP5.71$g0$hC$5Uk
=ACF  \\$aPrevious Copyright Fee: GBP5.00$c0$e01-jan-2009$fGBP5.00$g0$hC$5Uk
=ACF  \\$aPrevious Copyright Fee: GBP4.00$c0$e01-oct-2008$fGBP4.00$g0$hC$5Uk
=ACF  \\$aPrevious Copyright Fee: GBP4.00$c0$e01-jul-2008$fGBP4.00$g0$hC$5Uk
=ACF  \\$aPrevious Copyright Fee: GBP4.00$c0$e01-apr-2008$fGBP4.00$g0$hC$5Uk
=ACF  \\$aPrevious copyright fee: GBP5.00$c0$e01-jul-2002$fGBP5.00$g0$hC$5Uk
=ACF  \\$aCurrent copyright fee: GBP4.40$c0$e14-mar-2000$fGBP4.40$g0$hA$5Uk
=ACF  \\$aBritish Library not licensed to copy$c0$e01-jul-2012$hC$iCLA Excluded$5Uk
=ACF  \\$aBritish Library not licensed to copy$c0$e01-oct-2012$hC$iCFP Excluded$5Uk
=ACF  \\$aBritish Library not licensed to copy$c0$e01-jan-2013$hC$iCFP Excluded$5Uk
=CAT  \\$aCONV$b00$c20040425$lBLL90$h0707
=CAT  \\$aBATCH-CLA$b00$c20110831$lBLL01$h1803
=CAT  \\$aBATCH-CLA$b00$c20110831$lBLL01$h1815
=CAT  \\$aIPL-CLA$c20110930$lBLL01$h1544
=CAT  \\$aBATCH-CLA$b00$c20111130$lBLL01$h1156
=CAT  \\$aBATCH-CLA$b00$c20111130$lBLL01$h1215
=CAT  \\$aIPL-CLA$c20111230$lBLL01$h2011
=CAT  \\$aBATCH-CLA$b00$c20120229$lBLL01$h1558
=CAT  \\$aBATCH-CLA$b00$c20120229$lBLL01$h1629
=CAT  \\$aIPL-CLA$c20120330$lBLL01$h1431
=CAT  \\$aBATCH-CLA$b00$c20120531$lBLL01$h1716
=CAT  \\$aIPL-CLA$c20120629$lBLL01$h1030
=CAT  \\$aBATCH-CLA$b00$c20120831$lBLL01$h1543
=CAT  \\$aIPL-CLA$c20120930$lBLL01$h2113
=CAT  \\$aBATCH-CLA$b00$c20121109$lBLL01$h1735
=CAT  \\$aWR12_128$c20121113$lBLL01$h1837
=CAT  \\$aBATCH-CLA$b00$c20121130$lBLL01$h1241
=CAT  \\$aIPL-CLA$c20121231$lBLL01$h1308
=CAT  \\$aIPL-CLA$c20130102$lBLL01$h1725
=CAT  \\$aBATCH-CLA$b00$c20130228$lBLL01$h1706
=CAT  \\$aWR13.005$c20130323$lBLL01$h1507
=CAT  \\$aIPL-CLA$c20130331$lBLL01$h1053
=CAT  \\$a540_fix$c20130403$lBLL01$h2013
=CAT  \\$aBATCH-CLA$b00$c20130531$lBLL01$h1643
=CAT  \\$aIPL-CLA$c20130701$lBLL01$h0039
=CAT  \\$a7764$b40$c20210216$lBLL01$h1055
=CFI  0\$aBritish Library not licensed to copy$c0$e01-jul-2013$hC$iCFP Excluded$5Uk
=CFI  2\$aBritish Library not licensed to copy$c0$e01-apr-2013$hC$iCFP Excluded$5Uk
=FIN  \\$aY
=FMT  \\$a  SE
=LAS  \\$a7764$b40$c20210216$lBLL01$h1055
=LEO  \\$aMP10.0000408233
=LKR  \\$aPAR$b011786463$lBLL01$r78000$mNordic statistical yearbook$nYearbook of Nordic statistics
=SRC  \\$aDSS01$bbibmp10.200404.2.aa
=TCO  \\$aXXX$c008

