=LDR  02512cam a2200697ua 4500
=001  012595490
=003  Uk
=005  20230331163723.0
=008  980202s1997\\\\enka\\\||\\\\\000\||eng\\
=FMT  \\$a  BK
=015  \\$aGB9777122$2bnb
=019  y\$ab9777122
=019  9\$a0195777727
=019  g\$aadv0102114285
=019  a\$aG05434463
=019  1\$a0195777727
=020  \\$a0195777727 :$cNo price
=039  0\$a2477
=040  \\$aDLC$cDLC$dUk
=050  00$aIN PROCESS
=082  04$a338.954$221
=100  1\$aHaq, Mahbub ul,$d1934-1998.
=245  10$aHuman development in South Asia 1997 /$cMahbub ul Haq.
=260  \\$aKarachi ;$aOxford :$bOxford University Press,$c1997.
=300  \\$aix, 153 p. :$bill. ;$c29cm.
=336  \\$atext$2rdacontent
=337  \\$aunmediated$2rdamedia
=338  \\$avolume$2rdacarrier
=500  \\$a"Published for the Human Development Centre".
=504  \\$aBibliography: p. 127-134.
=590  \\$aPRIORITY 2
=598  \\$aPROV.RECORD
=540  \\$aCurrent Copyright Fee: GBP22.50$c0$5Uk
=690  7\$aManagement and Business Studies$2blcoll
=710  2\$aHuman Development Centre (Islāmābād, Pakistan)
=886  2\$2ukmarc$a900$b10$aUl Haq$hMahbub$xSee$aHaq, Mahbub ul,$x1934-$z100
=886  2\$2ukmarc$a910$b10$aHDC$xSee$aHuman Development Centre$x(Islamabad, Pakistan)$z710
=886  2\$2ukmarc$a910$b20$aMahbub ul Haq Human Development Centre$xSee also$aHuman Development Centre$x(Islamabad, Pakistan)$z710
=886  2\$2blmarc$a010$b00$a97185181
=852  41$aBritish Library$bDSC$i4336.05436
=852  41$aBritish Library$bHMNTS$jYC.1998.b.607
=945  \\$aHuman development in South Asia
=966  \\$lACQUIS 07/05/98
=CAT  \\$aCONV$b00$c20040425$lBLL90$h0759
=CAT  \\$aCONV$b00$c20040502$lBLL01$h1513
=CAT  \\$aglobal_upd$b40$c20060417$lBLL01$h1452
=CAT  \\$aBATCH-UPD$b40$c20070614$lBLL01$h2047
=CAT  \\$aBATCH$b00$c20090610$lBLL01$h1719
=CAT  \\$aBATCH$b00$c20091123$lBLL01$h0229
=CAT  \\$aBATCH-CLAB$c20230324$lBLL01$h1341
=CAT  \\$aBATCH-UPD$b00$c20230324$lBLL01$h1801
=CAT  \\$aIPL-CLA$c20230331$lBLL01$h1637
=CFI  0\$aCurrent Copyright Fee: GBP22.50$c0$e01-apr-2023$fGBP22.50$g0$hC$5Uk
=FIN  \\$aY
=LEO  \\$aMP5.0001547943
=LEO  \\$aMP8.0001392861
=LEO  \\$aMP13.0001433594
=SRC  \\$aBNB03$bbibmp5.200404.2.ac
=SRC  \\$aDSC01$bbibmp8.200404.2.ab
=SRC  \\$aHSS01$bbibmp13.200404.2.ac
=LAS  \\$aIPL-CLA$b00$c20230331$lBLL01$h1637

