=LDR  02195 am a2200565ua 4500
=001  012596820
=003  Uk
=005  20100212191300.0
=008  030217s2001\\\\enkab\\||\\\\\001\||eng\\
=015  \\$aGBA1W6158$2bnb
=019  y\$abA1W6158
=019  9\$a019722797x
=019  1\$a019722797x
=020  \\$a019722797X :$c£85.00
=039  0\$a2730
=040  \\$aStDuBDS$dUk
=082  04$a942.839$221
=245  00$aHolderness Wapentake, Middle and North divisions /$cedited by G.H.R. Kent.
=260  \\$aOxford :$bPublished for the Institute of Historical Research by Oxford University Press,$c2002.
=300  \\$axx, 455 p., [16]p. of plates :$bill., maps ;$c32 cm.
=336  \\$atext$2rdacontent
=337  \\$aunmediated$2rdamedia
=338  \\$avolume$2rdacarrier
=490  1\$aThe Victoria history of the counties of England. A history of the County of York East Riding ;$vv. 7
=504  \\$aIncludes bibliographical references and index.
=651  \0$aHolderness (England)$xHistory.
=700  1\$aKent, G. H. R.
=710  2\$aUniversity of London.$bInstitute of Historical Research.
=710  2\$aUniversity of Hull.
=710  1\$aEast Riding of Yorkshire (England).$bCouncil.
=830  \4$aThe Victoria history of the counties of England.$pA history of the County of York East Riding ;$vv. 7
=852  41$aBritish Library$bHMNTS$cSPHOA
=852  41$aBritish Library$bHMNTS$jYC.2003.b.479
=886  2\$2ukmarc$a910$b20$aInstitute of Historical Research$xSee$aUniversity of London.$xInstitute of Historical Research$z710
=886  2\$2ukmarc$a910$b20$aHull University$xSee$aUniversity of Hull$z710/1
=916  \\$a700=NOTNAL
=CAT  \\$aCONV$b00$c20040425$lBLL90$h0759
=CAT  \\$aCONV$b00$c20040502$lBLL01$h1513
=CAT  \\$aBATCH$b00$c20091123$lBLL01$h0230
=CAT  \\$aBATCH$b00$c20091217$lBLL01$h0305
=CAT  \\$aBATCH-UPD$b00$c20100212$lBLL01$h1913
=FIN  \\$aY
=FMT  \\$a  BK
=LAS  \\$aBATCH-UPD$b00$c20100212$lBLL01$h1913
=LEO  \\$aMP5.0000094516
=LEO  \\$aMP5.0001548304
=LEO  \\$aMP13.0001434995
=SRC  \\$aBNB03$bbibmp5.200404.2.aa
=SRC  \\$aBNB03$bbibmp5.200404.2.ac
=SRC  \\$aHSS01$bbibmp13.200404.2.ac

