=LDR  01755 am a2200565 a 4500
=001  012603373
=003  Uk
=005  20100930085554.0
=008  011008s2001\\\\enka\\\\\\\\\\001\0\eng\\
=015  \\$aGBA1X9689$2bnb
=019  y\$abA1X9689
=019  9\$a0198299656
=019  1\$a0198299656
=019  g\$aadv5002790801
=019  a\$aG07199808
=020  \\$a0198299656 (cased) :$c£40.00
=020  \\$a0198299664 (pbk.) :$c£14.99
=039  0\$a2662
=040  \\$aStDuBDS$dUk
=082  04$a415$221
=100  1\$aDe Boer, Bart.
=245  14$aThe origins of vowel systems /$cBart de Boer.
=260  \\$aOxford :$bOxford University Press,$c2001.
=300  \\$axii, 168 p. :$bill. ;$c25 cm.
=336  \\$atext$2rdacontent
=337  \\$aunmediated$2rdamedia
=338  \\$avolume$2rdacarrier
=490  0\$aStudies in the evolution of language ;$v1
=504  \\$aIncludes bibliographical references and index.
=650  \0$aVowels.
=650  \0$aLanguage and languages$xOrigin.
=650  \0$aUniversals (Linguistics)
=650  \0$aTypology (Linguistics)
=650  \0$aVowels$xComputer simulation.
=852  41$aBritish Library$bDSC$i8490.5365$iv. 1
=852  41$aBritish Library$bHMNTS$jYC.2001.a.16102
=CAT  \\$aCONV$b00$c20040425$lBLL90$h0759
=CAT  \\$aCONV$b00$c20040502$lBLL01$h1513
=CAT  \\$aBATCH$b00$c20091123$lBLL01$h0233
=CAT  \\$aBATCH$b00$c20091217$lBLL01$h0306
=CAT  \\$a6537$b40$c20100930$lBLL01$h0855
=FIN  \\$aY
=FMT  \\$a  BK
=LAS  \\$a6537$b40$c20100930$lBLL01$h0855
=LEO  \\$aMP5.0001550384
=LEO  \\$aMP8.0001713396
=LEO  \\$aMP13.0001442137
=SRC  \\$aDSC01$bbibmp8.200404.2.ac
=SRC  \\$aBNB03$bbibmp5.200404.2.ac
=SRC  \\$aHSS01$bbibmp13.200404.2.ac

