=LDR  03765cam a2200901ua 4500
=001  012605023
=003  Uk
=005  20221231205039.0
=008  960930s1996\\\\enkab\\||\\\\\000\||eng\\
=FMT  \\$a  BK
=015  \\$aGB96X6780$2bnb
=019  y\$ab96X6780
=019  9\$a0198565321
=019  g\$aadv5002571409
=019  a\$aG05080463
=019  1\$a0198565321
=020  \\$a0198565321 :$c£95.00
=020  \\$a0198565313 (URSI ed.) :$cNo price
=039  0\$a2410
=040  \\$aStDuBDS$dUk
=082  04$a537.534$220
=245  04$aThe review of radio science, 1993-1996 /$cedited by W. Ross Stone.
=260  \\$aOxford :$bPublished for the International Union of Radio Science by Oxford University Press,$c1996.
=300  \\$axxiv,1008p.,11p. of plates :$bill(some col.), maps(some col.) ;$c24cm.
=336  \\$atext$2rdacontent
=337  \\$aunmediated$2rdamedia
=338  \\$avolume$2rdacarrier
=490  0\$aOxford science publications
=500  \\$aOne 3.5" disk in pocket attached to inside rear cover.
=504  \\$aIncludes bibliographical references.
=598  \\$aPROV.RECORD
=540  \\$aCurrent Copyright Fee: GBP25.00$c0$5Uk
=650  \0$aRadio waves.
=650  \0$aElectromagnetic waves.
=650  \0$aIonospheric radio wave propagation.
=650  \0$aRadio astronomy.
=653  1\$aRadio waves
=700  1\$aStone, W. Ross.
=710  2\$aInternational Union of Radio Science.
=886  2\$2ukmarc$a910$b20$aInternational Council of Scientific Unions$cInternational Union of Radio Science$xSee$aInternational Union of Radio Science$z710
=886  2\$2ukmarc$a910$b20$aUnion radio-scientifique internationale$xSee$aInternational Union of Radio Science$z710
=886  2\$2ukmarc$a910$b20$aURSI$xSee$aInternational Union of Radio Science$z710
=886  2\$2ukmarc$a910$b20$aInternational Scientific Radio Union$xSee$aInternational Union of Radio Science$z710
=852  41$aBritish Library$bDSC$i7794.186000v
=852  41$aBritish Library$bHMNTS$jYC.1996.b.7573
=966  \\$lACQUIS 09/05/2001
=CAT  \\$aCONV$b00$c20040425$lBLL90$h0759
=CAT  \\$aCONV$b00$c20040502$lBLL01$h1514
=CAT  \\$aglobal_upd$b40$c20060417$lBLL01$h1454
=CAT  \\$aBATCH$b00$c20091123$lBLL01$h0234
=CAT  \\$aBATCH-CLA$b00$c20130527$lBLL01$h0315
=CAT  \\$aBATCH-CLA$c20131220$lBLL01$h2025
=CAT  \\$aIPL-CLA$c20131231$lBLL01$h2331
=CAT  \\$aBATCH-CLA$b00$c20161222$lBLL01$h1801
=CAT  \\$aIPL-CLA$c20161230$lBLL01$h2117
=CAT  \\$aBATCH-CLA$b00$c20171222$lBLL01$h2121
=CAT  \\$aIPL-CLA$c20171231$lBLL01$h1626
=CAT  \\$aBATCH-CLA$b00$c20191219$lBLL01$h1729
=CAT  \\$aIPL-CLA$c20191231$lBLL01$h1924
=CAT  \\$aBATCH-CLA$b00$c20201204$lBLL01$h1530
=CAT  \\$aIPL-CLA$c20201231$lBLL01$h2147
=CAT  \\$aBATCH-CLA$b00$c20221221$lBLL01$h1837
=CAT  \\$aIPL-CLA$c20221231$lBLL01$h2050
=CFI  0\$aCurrent Copyright Fee: GBP25.00$c0$e01-jan-2023$fGBP25.00$g0$hA$5Uk
=CFI  2\$aPrevious Copyright Fee: GBP22.50$c0$e01-jan-2021$fGBP22.50$g0$hA$5Uk
=FIN  \\$aY
=LEO  \\$aMP5.0000921917
=LEO  \\$aMP8.0001274997
=LEO  \\$aMP13.0001443945
=SRC  \\$aBNB03$bbibmp5.200404.2.ab
=SRC  \\$aDSC01$bbibmp8.200404.2.ab
=SRC  \\$aHSS01$bbibmp13.200404.2.ac
=ACF  \\$aPrevious copyright fee: GBP12.00$c0$e01-jan-2012$fGBP12.00$g0$hA$5Uk
=ACF  \\$aPrevious Copyright Fee: GBP12.30$c0$e01-jan-2014$fGBP12.30$g0$hA$5Uk
=ACF  \\$aPrevious Copyright Fee: GBP15.00$c0$e01-jan-2017$fGBP15.00$g0$hA$5Uk
=ACF  \\$aPrevious Copyright Fee: GBP17.50$c0$e01-jan-2018$fGBP17.50$g0$hA$5Uk
=ACF  \\$aPrevious Copyright Fee: GBP20.00$c0$e01-jan-2020$fGBP20.00$g0$hA$5Uk
=LAS  \\$aIPL-CLA$b00$c20221231$lBLL01$h2050

