=LDR  01588 am a2200481ua 4500
=001  012605263
=003  Uk
=005  20201124185520.0
=008  990308s1997\\\\enk\\\\||d\\\\000\||eng\\
=015  \\$aGB97X0453$2bnb
=019  y\$ab97X0453
=019  9\$a0198601530
=019  1\$a0198601530
=020  \\$a0198601530 :$cNo price
=039  0\$a2532
=040  \\$aStDuBDS$dUk
=041  0\$aeng$arus
=082  04$a491.7321$221
=245  04$aThe Oxford Russian dictionary :$bRussian-English /$cedited by Marcus Wheeler and Boris Unbegaun : English-Russian / edited by Paul Falla.
=250  \\$aRev. ed. /$bby Colin Howlett.
=260  \\$aOxford :$bOxford University Press,$c1997.
=300  \\$axvi,1340p. ;$c27cm.
=336  \\$atext$2rdacontent
=337  \\$aunmediated$2rdamedia
=338  \\$avolume$2rdacarrier
=500  \\$aPrevious ed.: 1993.
=650  \0$aRussian language$vDictionaries$xEnglish.
=650  \0$aEnglish language$vDictionaries$xRussian.
=700  1\$aWheeler, Marcus.
=852  11$aBritish Library$bHMNTS$kOPL$hIndex
=852  41$aBritish Library$bHMNTS$jYC.1999.b.1983
=985  \\$aUpgraded by BSS-generated file for WR2011-1473
=CAT  \\$aCONV$b00$c20040425$lBLL90$h0759
=CAT  \\$aCONV$b00$c20040502$lBLL01$h1514
=CAT  \\$aBATCH$b00$c20091123$lBLL01$h0234
=CAT  \\$aW2011-1473$b00$c20201124$lBLL01$h1855
=FIN  \\$aY
=FMT  \\$a  BK
=LAS  \\$aW2011-1473$b00$c20201124$lBLL01$h1855
=LEO  \\$aMP5.0001551390
=LEO  \\$aMP13.0001444207
=SRC  \\$aBNB03$bbibmp5.200404.2.ac
=SRC  \\$aHSS01$bbibmp13.200404.2.ac

