=LDR  02285cam a2200673ua 4500
=001  012605726
=003  Uk
=005  20220331222253.0
=008  020114s2002\\\\enk\\\\||\\\\\001\||eng\\
=FMT  \\$a  BK
=015  \\$aGBA1V3646$2bnb
=019  y\$abA1V3646
=019  9\$a0198700520
=019  g\$aadv5003301766
=019  a\$aG07520173
=019  1\$a0198700520
=020  \\$a0198700520 (pbk.) :$c£16.99
=039  0\$a2675
=040  \\$aStDuBDS$dUk
=082  04$a341.2422$221
=245  04$aThe institutions of the European Union /$cedited by John Peterson and Michael Shackleton.
=260  \\$aOxford :$bOxford University Press,$c2002.
=300  \\$axxiii, 402 p. ;$c25 cm.
=336  \\$atext$2rdacontent
=337  \\$aunmediated$2rdamedia
=338  \\$avolume$2rdacarrier
=490  1\$aThe new European Union series
=504  \\$aIncludes bibliographical references and index.
=598  \\$aPROV.RECORD
=540  \\$aCurrent Copyright Fee: GBP22.50$c0$5Uk
=610  24$aEuropean Union.
=651  \0$aEuropean Union countries$xPolitics and government.
=700  1\$aPeterson, John,$d1958-
=700  1\$aShackleton, Michael,$d1949-
=886  2\$2ukmarc$a910$b20$aEuropean Community$xSee also$aEuropean Union$z610
=830  \0$aNew European Union series.
=852  41$aBritish Library$bDSC$i6084.15467
=852  41$aBritish Library$bHMNTS$jYC.2006.a.13039
=916  \\$a700/1=NOTNAL
=945  \\$aNew European Union Series
=CAT  \\$aCONV$b00$c20040425$lBLL90$h0800
=CAT  \\$aCONV$b00$c20040502$lBLL01$h1514
=CAT  \\$aglobal_upd$b40$c20060417$lBLL01$h1454
=CAT  \\$aBATCH$b00$c20091123$lBLL01$h0234
=CAT  \\$aBATCH$b00$c20091217$lBLL01$h0306
=CAT  \\$aBATCH-UPD$b00$c20150723$lBLL01$h2106
=CAT  \\$aBATCH-CLAB$c20220330$lBLL01$h1706
=CAT  \\$aIPL-CLA$c20220331$lBLL01$h2222
=CFI  0\$aCurrent Copyright Fee: GBP22.50$c0$e01-apr-2022$fGBP22.50$g0$hC$5Uk
=FIN  \\$aY
=LEO  \\$aMP5.0000096616
=LEO  \\$aMP5.0001551660
=LEO  \\$aMP8.0001765307
=LEO  \\$aMP13.0001444771
=SRC  \\$aBNB03$bbibmp5.200404.2.aa
=SRC  \\$aBNB03$bbibmp5.200404.2.ac
=SRC  \\$aDSC01$bbibmp8.200404.2.ac
=SRC  \\$aHSS01$bbibmp13.200404.2.ac
=LAS  \\$aIPL-CLA$b00$c20220331$lBLL01$h2222

