=LDR  01975cam a2200577ua 4500
=001  012612186
=003  Uk
=005  20230331163745.0
=008  980706s1998\\\\enka\\\||\\\\\001\||eng\\
=FMT  \\$a  BK
=010  \\$a97047559
=015  \\$aGB9849464$2bnb
=019  y\$ab9849464
=019  9\$a041516107x
=019  a\$aG05605312
=019  1\$a041516107x
=020  \\$a041516107X :$cNo price
=039  0\$a2498
=040  \\$aDLC$cDLC$dUk
=082  04$a070.195$221
=245  00$aNews of the world :$bworld cultures look at television news /$cedited by Klaus Bruhn Jensen.
=260  \\$aLondon :$bRoutledge,$c1998.
=300  \\$axiii,230p. :$bill. ;$c25cm.
=336  \\$atext$2rdacontent
=337  \\$aunmediated$2rdamedia
=338  \\$avolume$2rdacarrier
=490  0\$aRoutledge research in cultural and media studies ;$v4
=504  \\$aIncludes bibliographical references and index.
=540  \\$aCurrent Copyright Fee: GBP34.00$c0$5Uk
=650  \0$aTelevision broadcasting of news.
=700  1\$aJensen, Klaus Bruhn.
=852  41$aBritish Library$bDSC$i8026.5153
=852  41$aBritish Library$bHMNTS$jYC.1998.b.3179
=CAT  \\$aCONV$b00$c20040425$lBLL90$h0804
=CAT  \\$aCONV$b00$c20040502$lBLL01$h1514
=CAT  \\$aglobal_upd$b40$c20060417$lBLL01$h1455
=CAT  \\$aBATCH$b00$c20091123$lBLL01$h0237
=CAT  \\$aBATCH-CLAB$c20220330$lBLL01$h1801
=CAT  \\$aIPL-CLA$c20220331$lBLL01$h2223
=CAT  \\$aBATCH-CLAB$c20230324$lBLL01$h1415
=CAT  \\$aIPL-CLA$c20230331$lBLL01$h1637
=CFI  0\$aCurrent Copyright Fee: GBP34.00$c0$e01-apr-2023$fGBP34.00$g0$hC$5Uk
=CFI  2\$aPrevious Copyright Fee: GBP28.00$c0$e01-apr-2022$fGBP28.00$g0$hC$5Uk
=FIN  \\$aY
=LEO  \\$aMP5.0001597800
=LEO  \\$aMP8.0001462645
=LEO  \\$aMP13.0001617406
=SRC  \\$aBNB03$bbibmp5.200404.2.ac
=SRC  \\$aDSC01$bbibmp8.200404.2.ab
=SRC  \\$aHSS01$bbibmp13.200404.2.ac
=LAS  \\$aIPL-CLA$b00$c20230331$lBLL01$h1637

