=LDR  02188cam a2200613ua 4500
=001  012612285
=003  Uk
=005  20230331163745.0
=008  980420s1998\\\\enkag\\||\\\\\001\||eng\\
=FMT  \\$a  BK
=010  \\$a97019902
=015  \\$aGB9812094$2bnb
=019  y\$ab9812094
=019  9\$a0415163714
=019  a\$aG05380702
=019  1\$a0415163714
=020  \\$a0415163714 :$c£45.00
=039  0\$a2487
=040  \\$aDLC$cDLC$dUk
=082  04$a306.484$221
=245  00$aKaraoke around the world :$bglobal technology, local singing /$cedited by To̅ru Mitsui and Shu̅hei Hosokawa.
=260  \\$aLondon :$bRoutledge,$c1998.
=300  \\$axi,206p. :$bill., music ;$c24cm.
=336  \\$atext$2rdacontent
=337  \\$aunmediated$2rdamedia
=338  \\$avolume$2rdacarrier
=490  0\$aRoutledge research in cultural and media studies ;$v3
=504  \\$aIncludes bibliographical references and index.
=540  \\$aCurrent Copyright Fee: GBP34.00$c0$5Uk
=650  \0$aKaraoke$xHistory and criticism.
=700  1\$aMitsui, Tōru,$d1940-
=700  1\$aHosokawa, Shūhei,$d1955-
=886  2\$2ukmarc$a900$b10$aHosokawa$hSyuhei$c1955-$xSee$aHosokawa, Shūhei,$x1955-$z700/1
=852  41$aBritish Library$bDSC$i8026.5153
=852  41$aBritish Library$bHMNTS$jYC.2001.a.15411
=CAT  \\$aCONV$b00$c20040425$lBLL90$h0804
=CAT  \\$aCONV$b00$c20040502$lBLL01$h1514
=CAT  \\$aglobal_upd$b40$c20060417$lBLL01$h1455
=CAT  \\$aBATCH$b00$c20091123$lBLL01$h0237
=CAT  \\$a10743$b40$c20130227$lBLL01$h0937
=CAT  \\$aBATCH-CLAB$c20220330$lBLL01$h1628
=CAT  \\$aIPL-CLA$c20220331$lBLL01$h2223
=CAT  \\$aBATCH-CLAB$c20230324$lBLL01$h1330
=CAT  \\$aIPL-CLA$c20230331$lBLL01$h1637
=CFI  0\$aCurrent Copyright Fee: GBP34.00$c0$e01-apr-2023$fGBP34.00$g0$hC$5Uk
=CFI  2\$aPrevious Copyright Fee: GBP28.00$c0$e01-apr-2022$fGBP28.00$g0$hC$5Uk
=FIN  \\$aY
=LEO  \\$aMP5.0001597905
=LEO  \\$aMP8.0001375393
=LEO  \\$aMP13.0001617508
=SRC  \\$aBNB03$bbibmp5.200404.2.ac
=SRC  \\$aDSC01$bbibmp8.200404.2.ab
=SRC  \\$aHSS01$bbibmp13.200404.2.ac
=LAS  \\$aIPL-CLA$b00$c20230331$lBLL01$h1637

