=LDR  02213cam a2200649ua 4500
=001  012613717
=003  Uk
=005  20230331163751.0
=008  010820s2001\\\\enk\\\\||\\\\\001\||eng\\
=FMT  \\$a  BK
=010  \\$a2001019120
=015  \\$aGBA147599$2bnb
=019  y\$abA147599
=019  9\$a0415204364
=019  a\$aG07149449
=019  1\$a0415204364
=020  \\$a0415204364 :$cNo price
=039  0\$a2655
=040  \\$aDLC$cDLC$dUk
=082  04$a306.2$221
=100  1\$aBlank, Robert H.
=245  10$aBiology and political science /$cRobert H. Blank and Samuel M. Hines, Jr.
=260  \\$aLondon :$bRoutledge,$c2001.
=300  \\$aviii, 183 p. ;$c24 cm.
=336  \\$atext$2rdacontent
=337  \\$aunmediated$2rdamedia
=338  \\$avolume$2rdacarrier
=490  0\$aRoutledge studies in science, technology, and society ;$v4
=504  \\$aIncludes bibliographical references and index.
=540  \\$aCurrent Copyright Fee: GBP34.00$c0$5Uk
=650  \0$aBiopolitics.
=650  \0$aPolitical science.
=650  \0$aSociobiology.
=700  1\$aHines, Samuel M.
=852  41$aBritish Library$bDSC$i8026.51987
=852  41$aBritish Library$bHMNTS$jYC.2003.a.15552
=945  \\$aRoutledge studies in science, technology and science ; v 4
=CAT  \\$aCONV$b00$c20040425$lBLL90$h0804
=CAT  \\$aCONV$b00$c20040502$lBLL01$h1514
=CAT  \\$aglobal_upd$b40$c20060417$lBLL01$h1456
=CAT  \\$aBATCH$b00$c20091123$lBLL01$h0238
=CAT  \\$aBATCH-UPD$b00$c20101008$lBLL01$h1802
=CAT  \\$aBATCH-UPD$b00$c20140302$lBLL01$h2121
=CAT  \\$aBATCH-CLAB$c20220330$lBLL01$h1543
=CAT  \\$aIPL-CLA$c20220331$lBLL01$h2223
=CAT  \\$aBATCH-CLAB$c20230324$lBLL01$h1301
=CAT  \\$aIPL-CLA$c20230331$lBLL01$h1637
=CFI  0\$aCurrent Copyright Fee: GBP34.00$c0$e01-apr-2023$fGBP34.00$g0$hC$5Uk
=CFI  2\$aPrevious Copyright Fee: GBP28.00$c0$e01-apr-2022$fGBP28.00$g0$hC$5Uk
=FIN  \\$aY
=LEO  \\$aMP5.0001599526
=LEO  \\$aMP8.0001696609
=LEO  \\$aMP13.0001619027
=SRC  \\$aBNB03$bbibmp5.200404.2.ac
=SRC  \\$aDSC01$bbibmp8.200404.2.ac
=SRC  \\$aHSS01$bbibmp13.200404.2.ac
=LAS  \\$aIPL-CLA$b00$c20230331$lBLL01$h1637

