=LDR  02330cam a2200673ua 4500
=001  012613984
=003  Uk
=005  20230331163752.0
=008  000602s2000\\\\enka\\\||\\\\\001\||eng\\
=FMT  \\$a  BK
=010  \\$a99054191
=015  \\$aGBA039381$2bnb
=019  y\$abA039381
=019  9\$a041521291x
=019  a\$aG06035579
=019  1\$a041521291x
=020  \\$a041521291X :$cNo price
=039  0\$a2594
=040  \\$aDLC$cDLC$dUk
=082  04$a361.61094$221
=245  00$aSurvival of the European welfare state /$cedited by Stein Kuhnle.
=260  \\$aLondon :$bRoutledge,$c2000.
=300  \\$axviii, 246 p. :$bill. ;$c25 cm.
=336  \\$atext$2rdacontent
=337  \\$aunmediated$2rdamedia
=338  \\$avolume$2rdacarrier
=490  1\$aRoutledge/ECPR studies in European political science ;$v14
=504  \\$aIncludes bibliographical references and index.
=540  \\$aCurrent Copyright Fee: GBP34.00$c0$5Uk
=650  \0$aPublic welfare$zEurope.
=650  \0$aWelfare state.
=651  \0$aEurope$xSocial policy.
=690  7\$aSocial Welfare$2blcoll
=700  1\$aKuhnle, Stein.
=830  \0$aRoutledge/ECPR studies in European political science ;$v14.
=852  41$aBritish Library$bDSC$i8026.5030
=852  41$aBritish Library$bHMNTS$jYC.2003.a.8119
=CAT  \\$aCONV$b00$c20040425$lBLL90$h0804
=CAT  \\$aCONV$b00$c20040502$lBLL01$h1514
=CAT  \\$aglobal_upd$b40$c20060417$lBLL01$h1456
=CAT  \\$aBATCH$b00$c20091123$lBLL01$h0238
=CAT  \\$aBATCH$b00$c20091217$lBLL01$h0307
=CAT  \\$aBATCH$b00$c20110625$lBLL01$h0504
=CAT  \\$aBATCH-SWP4$c20110627$lBLL01$h1545
=CAT  \\$aBATCH-UPD$b00$c20140713$lBLL01$h2149
=CAT  \\$aBATCH-CLAB$c20220330$lBLL01$h1709
=CAT  \\$aIPL-CLA$c20220331$lBLL01$h2223
=CAT  \\$aBATCH-CLAB$c20230324$lBLL01$h1400
=CAT  \\$aIPL-CLA$c20230331$lBLL01$h1637
=CFI  0\$aCurrent Copyright Fee: GBP34.00$c0$e01-apr-2023$fGBP34.00$g0$hC$5Uk
=CFI  2\$aPrevious Copyright Fee: GBP28.00$c0$e01-apr-2022$fGBP28.00$g0$hC$5Uk
=FIN  \\$aY
=LEO  \\$aMP5.0001599819
=LEO  \\$aMP8.0001638337
=LEO  \\$aMP13.0001619312
=SRC  \\$aBNB03$bbibmp5.200404.2.ac
=SRC  \\$aDSC01$bbibmp8.200404.2.ac
=SRC  \\$aHSS01$bbibmp13.200404.2.ac
=LAS  \\$aIPL-CLA$b00$c20230331$lBLL01$h1637

