=LDR  02134cam a2200601ua 4500
=001  012614298
=003  Uk
=005  20230331163753.0
=008  000710s2000\\\\enka\\\||\\\\\001\||eng\\
=FMT  \\$a  BK
=010  \\$a99056814
=015  \\$aGBA0Y3801$2bnb
=019  y\$abA0Y3801
=019  9\$a0415223253
=019  a\$aG05908181
=019  1\$a0415223253
=020  \\$a0415223253 :$c£55.00
=039  0\$a2599
=040  \\$aStDuBDS$dUk
=082  04$a302.2345$221
=245  04$aThe new communications landscape :$bdemystifying media globalization /$cedited by Georgette Wang, Jan Servaes and Anura Goonasekera.
=260  \\$aLondon :$bRoutledge,$c2000.
=300  \\$axvi, 336 p. :$bill. ;$c25 cm.
=336  \\$atext$2rdacontent
=337  \\$aunmediated$2rdamedia
=338  \\$avolume$2rdacarrier
=490  0\$aRoutledge research in cultural and media studies ;$v7
=540  \\$aCurrent Copyright Fee: GBP34.00$c0$5Uk
=650  \0$aTelevision broadcasting$xSocial aspects.
=700  1\$aWang, Georgette.
=700  1\$aGoonasekera, Anura,$d1940-
=700  1\$aServaes, Jan,$d1952-
=886  2\$2ukmarc$a900$b00$aAnura Goonasekera$c1940-$xSee$aGoonasekera, Anura,$x1940-$z700/1
=852  41$aBritish Library$bDSC$i8026.5153
=852  41$aBritish Library$bHMNTS$jYC.2003.a.150
=CAT  \\$aCONV$b00$c20040425$lBLL90$h0804
=CAT  \\$aCONV$b00$c20040502$lBLL01$h1514
=CAT  \\$aglobal_upd$b40$c20060417$lBLL01$h1456
=CAT  \\$aBATCH$b00$c20091123$lBLL01$h0238
=CAT  \\$aBATCH-CLAB$c20220330$lBLL01$h1605
=CAT  \\$aIPL-CLA$c20220331$lBLL01$h2223
=CAT  \\$aBATCH-CLAB$c20230324$lBLL01$h1312
=CAT  \\$aIPL-CLA$c20230331$lBLL01$h1637
=CFI  0\$aCurrent Copyright Fee: GBP34.00$c0$e01-apr-2023$fGBP34.00$g0$hC$5Uk
=CFI  2\$aPrevious Copyright Fee: GBP28.00$c0$e01-apr-2022$fGBP28.00$g0$hC$5Uk
=FIN  \\$aY
=LEO  \\$aMP5.0001600164
=LEO  \\$aMP8.0001587317
=LEO  \\$aMP13.0001619660
=SRC  \\$aBNB03$bbibmp5.200404.2.ac
=SRC  \\$aDSC01$bbibmp8.200404.2.ac
=SRC  \\$aHSS01$bbibmp13.200404.2.ac
=LAS  \\$aIPL-CLA$b00$c20230331$lBLL01$h1637

