=LDR  02683cam a2200721ua 4500
=001  012614627
=003  Uk
=005  20230331163754.0
=008  010813s2000\\\\enka\\\||\\\\\001\||eng\\
=FMT  \\$a  BK
=010  \\$a00036596
=015  \\$aGBA146284$2bnb
=019  y\$abA146284
=019  9\$a0415233607
=019  a\$aG05992716
=019  1\$a0415233607
=020  \\$a0415233607 :$cNo price
=039  0\$a2654
=040  \\$aDLC$cDLC$dUk
=082  04$a332.673091724$221
=100  10$aTwomey, Michael J.
=245  12$aA century of foreign investment in the Third World /$cMichael J. Twomey.
=260  \\$aLondon :$bRoutledge,$c2000.
=300  \\$axvi, 250 p. :$bill. ;$c25 cm.
=336  \\$atext$2rdacontent
=337  \\$aunmediated$2rdamedia
=338  \\$avolume$2rdacarrier
=490  0\$aRoutledge studies in international business and the world economy ;$v20
=504  \\$aIncludes bibliographical references and index.
=540  \\$aCurrent Copyright Fee: GBP34.00$c0$5Uk
=650  \0$aInvestments, Foreign$zDeveloping countries$xHistory$y20th century.
=690  7\$aManagement and Business Studies$2blcoll
=852  41$aBritish Library$bDSC$i8026.519700
=852  41$aBritish Library$bHMNTS$jYC.2001.a.12618
=945  \\$aRoutledge studies in international business and the world economy
=CAT  \\$aCONV$b00$c20040425$lBLL90$h0804
=CAT  \\$aCONV$b00$c20040502$lBLL01$h1514
=CAT  \\$aglobal_upd$b40$c20060417$lBLL01$h1456
=CAT  \\$aBATCH$b00$c20090611$lBLL01$h1701
=CAT  \\$aBATCH$b00$c20091123$lBLL01$h0238
=CAT  \\$aBATCH-CLA$b00$c20120928$lBLL01$h1837
=CAT  \\$aBATCH-CLA$b00$c20120930$lBLL01$h1046
=CAT  \\$aBATCH-CLA$b00$c20130508$lBLL01$h0733
=CAT  \\$aBATCH-CLAB$c20220330$lBLL01$h1535
=CAT  \\$aBATCH-UPD$b00$c20220330$lBLL01$h1615
=CAT  \\$aIPL-CLA$c20220331$lBLL01$h2223
=CAT  \\$aBATCH-CLA$b00$c20221206$lBLL01$h1742
=CAT  \\$aIPL-CLA$c20221231$lBLL01$h2050
=CAT  \\$aBATCH-CLA$b00$c20230302$lBLL01$h1755
=CAT  \\$aBATCH-CLAB$c20230324$lBLL01$h1255
=CAT  \\$aIPL-CLA$c20230331$lBLL01$h1637
=CFI  0\$aCurrent Copyright Fee: GBP34.00$c0$e01-apr-2023$fGBP34.00$g0$hC$5Uk
=CFI  2\$aPrevious Copyright Fee: GBP18.02$c0$e09-feb-2023$fGBP18.02$g0$hC$5Uk
=FIN  \\$aY
=LEO  \\$aMP5.0001600519
=LEO  \\$aMP8.0001621902
=LEO  \\$aMP13.0001620013
=SRC  \\$aBNB03$bbibmp5.200404.2.ac
=SRC  \\$aDSC01$bbibmp8.200404.2.ac
=SRC  \\$aHSS01$bbibmp13.200404.2.ac
=TCO  \\$aCLA$bCLA$c008
=ACF  \\$aPrevious Copyright Fee: GBP18.02$c0$e01-jul-2012$fGBP18.02$g0$hC$5Uk
=LAS  \\$aIPL-CLA$b00$c20230331$lBLL01$h1637

