=LDR  03382cam a22008538u 4500
=001  012614953
=003  Uk
=005  20230331163755.0
=008  000822s2000\\\\enk\\\\||\\\\\000\||eng\\
=FMT  \\$a  BK
=015  \\$aGBA0V8752$2bnb
=019  g\$aadv5001191246
=019  a\$aG07024488
=019  1\$a0415242657
=020  \\$a0415242657 :$c£60.00
=040  \\$aStDuBDS$dUk
=082  04$a192$221
=100  1\$aDavie, George Elder.
=245  14$aThe Scotch metaphysics :$ba century of enlightenment in Scotland /$cGeorge E. Davie.
=260  \\$aLondon :$bRoutledge,$c2000.
=300  \\$a264p. ;$c24cm.
=336  \\$atext$2rdacontent
=337  \\$aunmediated$2rdamedia
=338  \\$avolume$2rdacarrier
=500  \\$aIncludes index.
=504  \\$aBibliography.
=598  \\$aPROV.RECORD
=540  \\$aCurrent Copyright Fee: GBP34.00$c0$5Uk
=650  \0$aEnlightenment$zScotland.
=650  \0$aPhilosophy, Scottish$y18th century.
=650  \0$aPhilosophy, Scottish$y19th century.
=830  \0$aRoutledge studies in nineteenth-century philosophy ;$v1.
=886  2\$2ukmarc$a900$b10$aDavie$hG. E.$kGeorge Elder$xSee$aDavie, George Elder$z100
=852  41$aBritish Library$bDSC$i8026.519852
=852  41$aBritish Library$bHMNTS$jYC.2001.a.12436
=945  \\$aRoutledge studies in Nineteenth-Century philosophy ; v 1
=966  \\$lACQUIS 12/02/2001
=CAT  \\$aCONV$b00$c20040425$lBLL90$h0804
=CAT  \\$aCONV$b00$c20040502$lBLL01$h1514
=CAT  \\$aglobal_upd$b40$c20060417$lBLL01$h1456
=CAT  \\$aBATCH$b00$c20091210$lBLL01$h2351
=CAT  \\$aBATCH-CLA$b00$c20120928$lBLL01$h1830
=CAT  \\$aBATCH-CLA$b00$c20120930$lBLL01$h1034
=CAT  \\$aBATCH-CLA$b00$c20130508$lBLL01$h0719
=CAT  \\$aBATCH-CLA$c20131220$lBLL01$h2025
=CAT  \\$aIPL-CLA$c20131231$lBLL01$h2331
=CAT  \\$aBATCH-CLA$b00$c20161222$lBLL01$h1801
=CAT  \\$aBATCH-UPD$b00$c20161224$lBLL01$h0708
=CAT  \\$aIPL-CLA$c20161230$lBLL01$h2117
=CAT  \\$aBATCH-CLA$b00$c20171222$lBLL01$h2121
=CAT  \\$aIPL-CLA$c20171231$lBLL01$h1626
=CAT  \\$aBATCH-CLA$b00$c20191219$lBLL01$h1729
=CAT  \\$aIPL-CLA$c20191231$lBLL01$h1924
=CAT  \\$aBATCH-CLA$b00$c20201204$lBLL01$h1530
=CAT  \\$aIPL-CLA$c20201231$lBLL01$h2147
=CAT  \\$aBATCH-CLAB$c20220330$lBLL01$h1806
=CAT  \\$aIPL-CLA$c20220331$lBLL01$h2223
=CAT  \\$aBATCH-CLAB$c20230324$lBLL01$h1419
=CAT  \\$aIPL-CLA$c20230331$lBLL01$h1637
=CFI  0\$aCurrent Copyright Fee: GBP34.00$c0$e01-apr-2023$fGBP34.00$g0$hC$5Uk
=CFI  2\$aPrevious Copyright Fee: GBP28.00$c0$e01-apr-2022$fGBP28.00$g0$hC$5Uk
=FIN  \\$aY
=LEO  \\$aMP8.0001648979
=LEO  \\$aMP13.0001620346
=SRC  \\$aDSC01$bbibmp8.200404.2.ac
=SRC  \\$aHSS01$bbibmp13.200404.2.ac
=TCO  \\$aCLA$bCLA$c008
=ACF  \\$aPrevious copyright fee: GBP12.00$c0$e01-jan-2012$fGBP12.00$g0$hA$5Uk
=ACF  \\$aPrevious Copyright Fee: GBP12.30$c0$e01-jan-2014$fGBP12.30$g0$hA$5Uk
=ACF  \\$aPrevious Copyright Fee: GBP15.00$c0$e01-jan-2017$fGBP15.00$g0$hA$5Uk
=ACF  \\$aPrevious Copyright Fee: GBP17.50$c0$e01-jan-2018$fGBP17.50$g0$hA$5Uk
=ACF  \\$aPrevious Copyright Fee: GBP20.00$c0$e01-jan-2020$fGBP20.00$g0$hA$5Uk
=ACF  \\$aPrevious Copyright Fee: GBP22.50$c0$e01-jan-2021$fGBP22.50$g0$hA$5Uk
=LAS  \\$aIPL-CLA$b00$c20230331$lBLL01$h1637

