=LDR  03433cam a2200889ua 4500
=001  012615583
=003  Uk
=005  20230331163757.0
=008  030210s2002\\\\enk\\\\||\\\\\001\||eng\\
=FMT  \\$a  BK
=015  \\$aGBA264759$2bnb
=019  y\$abA264759
=019  9\$a041526667x
=019  g\$aadv5003059469
=019  a\$aG07294515
=019  1\$a041526667x
=020  \\$a041526667X :$cNo price
=035  \\$a(UkCU)C3047759
=039  0\$a2729
=040  \\$aUkCU$dUk
=082  04$a179.8$221
=100  1\$aKristjánsson, Kristján,$d1959-
=245  10$aJustifying emotions :$bpride and jealousy /$cKristjan Kristjansson.
=260  \\$aLondon :$bRoutledge,$c2002.
=300  \\$axii, 257 p. ;$c24 cm.
=336  \\$atext$2rdacontent
=337  \\$aunmediated$2rdamedia
=338  \\$avolume$2rdacarrier
=504  \\$aIncludes bibliographical references and index.
=540  \\$aCurrent Copyright Fee: GBP34.00$c0$5Uk
=650  \0$aJealousy.
=650  \0$aPride and vanity.
=886  2\$2ukmarc$a900$b10$aKristjánsson$hKristján$c1959-$xSee$aKristján Kristjánsson,$x1959-$z100
=852  41$aBritish Library$bDSC$i8026.519417
=852  41$aBritish Library$bHMNTS$jYC.2003.a.2586
=945  \\$aRoutledge studies in Ethics and Moral Theory ; v 3
=966  \\$lACQUIS 22/11/2001
=CAT  \\$aCONV$b00$c20040425$lBLL90$h0804
=CAT  \\$aCONV$b00$c20040502$lBLL01$h1514
=CAT  \\$aglobal_upd$b40$c20060417$lBLL01$h1456
=CAT  \\$aBATCH$b00$c20091123$lBLL01$h0239
=CAT  \\$aBATCH-CLA$b00$c20120928$lBLL01$h1830
=CAT  \\$aBATCH-CLA$b00$c20120930$lBLL01$h1034
=CAT  \\$a10743$b40$c20130507$lBLL01$h1010
=CAT  \\$aBATCH-CLA$b00$c20130508$lBLL01$h0719
=CAT  \\$aBATCH-CLA$c20131220$lBLL01$h2025
=CAT  \\$aIPL-CLA$c20131231$lBLL01$h2331
=CAT  \\$aBATCH-CLA$b00$c20161222$lBLL01$h1801
=CAT  \\$aIPL-CLA$c20161230$lBLL01$h2117
=CAT  \\$aBATCH-CLA$b00$c20171222$lBLL01$h2121
=CAT  \\$aIPL-CLA$c20171231$lBLL01$h1626
=CAT  \\$aBATCH-CLA$b00$c20191219$lBLL01$h1729
=CAT  \\$aIPL-CLA$c20191231$lBLL01$h1924
=CAT  \\$aR2001-1524$c20200127$lBLL01$h2002
=CAT  \\$aBATCH-CLA$b00$c20201204$lBLL01$h1530
=CAT  \\$aIPL-CLA$c20201231$lBLL01$h2147
=CAT  \\$aBATCH-CLAB$c20220330$lBLL01$h1802
=CAT  \\$aIPL-CLA$c20220331$lBLL01$h2223
=CAT  \\$aBATCH-CLAB$c20230324$lBLL01$h1415
=CAT  \\$aIPL-CLA$c20230331$lBLL01$h1637
=CFI  0\$aCurrent Copyright Fee: GBP34.00$c0$e01-apr-2023$fGBP34.00$g0$hC$5Uk
=CFI  2\$aPrevious Copyright Fee: GBP28.00$c0$e01-apr-2022$fGBP28.00$g0$hC$5Uk
=FIN  \\$aY
=LEO  \\$aMP5.0000142903
=LEO  \\$aMP8.0001744435
=LEO  \\$aMP13.0001621035
=SRC  \\$aBNB03$bbibmp5.200404.2.aa
=SRC  \\$aDSC01$bbibmp8.200404.2.ac
=SRC  \\$aHSS01$bbibmp13.200404.2.ac
=TCO  \\$aZZZ$c008
=ACF  \\$aPrevious copyright fee: GBP12.00$c0$e01-jan-2012$fGBP12.00$g0$hA$5Uk
=ACF  \\$aPrevious Copyright Fee: GBP12.30$c0$e01-jan-2014$fGBP12.30$g0$hA$5Uk
=ACF  \\$aPrevious Copyright Fee: GBP15.00$c0$e01-jan-2017$fGBP15.00$g0$hA$5Uk
=ACF  \\$aPrevious Copyright Fee: GBP17.50$c0$e01-jan-2018$fGBP17.50$g0$hA$5Uk
=ACF  \\$aPrevious Copyright Fee: GBP20.00$c0$e01-jan-2020$fGBP20.00$g0$hA$5Uk
=ACF  \\$aPrevious Copyright Fee: GBP22.50$c0$e01-jan-2021$fGBP22.50$g0$hA$5Uk
=LAS  \\$aIPL-CLA$b00$c20230331$lBLL01$h1637

