=LDR  02664cam a2200745ua 4500
=001  012615631
=003  Uk
=005  20230331163757.0
=008  020520s2002\\\\enk\\\\||\\\\\001\||eng\\
=FMT  \\$a  BK
=015  \\$aGBA233832$2bnb
=019  y\$abA233832
=019  9\$a0415268397
=019  g\$aadv5003360940
=019  a\$aG07501320
=019  1\$a0415268397
=020  \\$a0415268397 :$cNo price
=039  0\$a2692
=040  \\$aDLC$cDLC$dUk
=082  04$a306.43$221
=100  1\$aArcher, Robert,$d1972-
=245  10$aEducation policy and realist social theory :$bprimary teachers, child-centred philosophy and the new managerialism /$cRobert Willmott.
=260  \\$aLondon :$bRoutledge,$c2002.
=300  \\$ax, 256 p. ;$c24 cm.
=336  \\$atext$2rdacontent
=337  \\$aunmediated$2rdamedia
=338  \\$avolume$2rdacarrier
=490  1\$aRoutledge studies in critical realism
=504  \\$aIncludes bibliographical references and index.
=598  \\$aPROV.RECORD
=540  \\$aCurrent Copyright Fee: GBP34.00$c0$5Uk
=650  \0$aEducational sociology$zEurope.
=650  \0$aEducation, Elementary$xSocial aspects$zEurope.
=650  \0$aElementary school teachers$zEurope.
=650  \0$aEducation, Elementary$zEurope$xPhilosophy.
=690  7\$aSocial Welfare$2blcoll
=830  \0$aRoutledge studies in critical realism.
=852  41$aBritish Library$bDSC$i8026.51927
=852  41$aBritish Library$bHMNTS$jYC.2006.a.8646
=916  \\$a100=NOTNAL
=945  \\$aRoutledge studies in critical realism ; v 3
=966  \\$lACQUIS 27/03/2002
=CAT  \\$aCONV$b00$c20040425$lBLL90$h0804
=CAT  \\$aCONV$b00$c20040502$lBLL01$h1514
=CAT  \\$aglobal_upd$b40$c20060417$lBLL01$h1456
=CAT  \\$aBATCH$b00$c20091123$lBLL01$h0239
=CAT  \\$aBATCH$b00$c20091217$lBLL01$h0307
=CAT  \\$aBATCH$b00$c20110625$lBLL01$h0504
=CAT  \\$aBATCH-SWP4$c20110627$lBLL01$h1545
=CAT  \\$aBATCH-UPD$b00$c20180405$lBLL01$h2043
=CAT  \\$a5100$b40$c20180410$lBLL01$h0754
=CAT  \\$aBATCH-CLAB$c20220330$lBLL01$h1809
=CAT  \\$aIPL-CLA$c20220331$lBLL01$h2223
=CAT  \\$aBATCH-CLAB$c20230324$lBLL01$h1422
=CAT  \\$aIPL-CLA$c20230331$lBLL01$h1637
=CFI  0\$aCurrent Copyright Fee: GBP34.00$c0$e01-apr-2023$fGBP34.00$g0$hC$5Uk
=CFI  2\$aPrevious Copyright Fee: GBP28.00$c0$e01-apr-2022$fGBP28.00$g0$hC$5Uk
=FIN  \\$aY
=LEO  \\$aMP5.0000142978
=LEO  \\$aMP8.0001759431
=LEO  \\$aMP13.0001621084
=SRC  \\$aBNB03$bbibmp5.200404.2.aa
=SRC  \\$aDSC01$bbibmp8.200404.2.ac
=SRC  \\$aHSS01$bbibmp13.200404.2.ac
=LAS  \\$aIPL-CLA$b00$c20230331$lBLL01$h1637

