=LDR  01239 am a2200433ua 4500
=001  012618631
=003  Uk
=005  20080627123628.0
=008  890913s1989\\\\enk\\\\j|\\\\\000\1|eng\\
=015  \\$aGB8940745$2bnb
=019  y\$ab8940745
=019  9\$a0416135625
=019  1\$a0416135625
=020  \\$a0416135625 :$c£7.95
=039  0\$a2056
=040  \\$aUk$cUk
=082  04$a823/.914$219
=100  1\$aHughes, Monica.
=245  14$aThe promise.
=260  \\$bMethuen Children's,$c1989.
=300  \\$a[160]p.
=336  \\$atext$2rdacontent
=337  \\$aunmediated$2rdamedia
=338  \\$avolume$2rdacarrier
=653  \\$aChildren's stories in English$a1945-$aTexts
=852  41$aBritish Library$bHMNTS$hH.91/1732
=852  41$aBritish Library$bHMNTS$jNov.1989/1507
=CAT  \\$aCONV$b00$c20040425$lBLL90$h0805
=CAT  \\$aCONV$b00$c20040502$lBLL01$h1514
=CAT  \\$a8962$b40$c20080523$lBLL01$h1529
=CAT  \\$a7416$b40$c20080627$lBLL01$h1236
=CAT  \\$aBATCH$b00$c20091123$lBLL01$h0240
=FIN  \\$aY
=FMT  \\$a  BK
=LAS  \\$aBATCH$b00$c20091123$lBLL01$h0240
=LEO  \\$aMP5.0001016971
=LEO  \\$aMP13.0001624173
=SRC  \\$aBNB03$bbibmp5.200404.2.ab
=SRC  \\$aHSS01$bbibmp13.200404.2.ac

