=LDR  01938 am a2200613ua 4500
=001  012661446
=003  Uk
=005  20141214012400.0
=008  960610s1996\\\\enk\\\\||\\\\\001\||eng\\
=010  \\$a94042908
=015  \\$aGB96Z7112$2bnb
=019  y\$ab96Z7112
=019  9\$a0810829746
=019  a\$aG02384957
=019  1\$a0810829746
=020  \\$a0810829746 :$c£30.90
=039  0\$a2394
=040  \\$aStDuBDS$dUk
=082  04$a025.110973$220
=100  10$aPrentice, Ann E.
=245  10$aFinancial planning for libraries /$cAnn E. Prentice.
=250  \\$a2nd ed.
=260  \\$aLondon :$bScarecrow,$c1996.
=300  \\$avi, 197p. ;$c28cm.
=336  \\$atext$2rdacontent
=337  \\$aunmediated$2rdamedia
=338  \\$avolume$2rdacarrier
=490  1\$aThe library administration series ;$vno. 8
=500  \\$aPrevious ed.: 1983.
=500  \\$aBibliography: p183-194. _ Includes index.
=595  \\$aHeld at H&SS at 2719.e.3111.
=650  \0$aLibrary finance$zUnited States.
=650  \0$aLibrary administration$zUnited States.
=653  1\$aLibraries$aFinance$aManagement
=653  1\$aUnited States
=830  \4$aThe library administration series ;$vno. 8
=852  41$aBritish Library$bDSC$i8087.77
=852  41$aBritish Library$bHMNTS$j2719.e.3111
=945  \\$aThe library aministration series ; v 8
=CAT  \\$aCONV$b00$c20040425$lBLL90$h0815
=CAT  \\$aCONV$b00$c20040502$lBLL01$h1516
=CAT  \\$aglobal_upd$b40$c20060417$lBLL01$h1500
=CAT  \\$aBATCH$b00$c20091123$lBLL01$h0255
=CAT  \\$aBATCH$b00$c20091217$lBLL01$h0311
=CAT  \\$aBATCH-UPD$b00$c20141214$lBLL01$h0124
=FIN  \\$aY
=FMT  \\$a  BK
=LAS  \\$aBATCH-UPD$b00$c20141214$lBLL01$h0124
=LEO  \\$aMP5.0001217252
=LEO  \\$aMP8.0001102117
=LEO  \\$aMP13.0002000204
=SRC  \\$aBNB03$bbibmp5.200404.2.ac
=SRC  \\$aDSC01$bbibmp8.200404.2.ab
=SRC  \\$aHSS01$bbibmp13.200404.2.ad

