=LDR  05970cam a2201441 a 4500
=001  012667632
=003  Uk
=005  20230715095351.0
=008  020520m19859999enkab\\\\b\\\\001\0\eng\\
=FMT  \\$a  BK
=010  \\$a87403730
=015  \\$aGBA230642$2bnb
=016  7\$a012667632$2Uk
=019  a\$aG01079772
=019  y\$abA230642
=019  c\$a2475616
=019  y\$abA3U0935
=019  9\$a0813922208
=019  9\$a0813920779
=019  1\$a0813920779
=019  1\$ar6833371
=020  \\$a0813910404 (v. 1) :$cNo price
=020  \\$a0813911672 (v. 3) :$cNo price
=020  \\$a0813916488 (v. 7) :$cNo price
=020  \\$a0813917875 (v. 8) :$cNo price
=020  \\$a0813918251 (v. 9) :$cNo price
=020  \\$a0813919010 (v. 10) :$cNo price
=020  \\$a0813920264 (v. 11) :$cNo price
=020  \\$a0813920779 (v. 12) :$cNo price
=020  \\$a0813922208 (v. 13) :$cNo price
=020  \\$a0813922828 (v. 14) :$cNo price
=020  \\$a9780813925790 (v. 16) :$cNo price
=020  \\$a0813925797 (v. 16) :$cNo price
=020  \\$a9780813926841 (v. 17) :$cNo price
=020  \\$a9780813929613 (v. 19)
=020  \\$a9780813936956 (v. 23)
=020  \\$a9780813937823 (v. 24) :$c£92.50
=020  \\$a9780813939803 (v. 25)
=020  \\$a9780813941677$qv. 26
=020  \\$a0813944848$qv. 28
=020  \\$a9780813944845$qv. 28
=020  \\$a9780813947167$qv. 29
=039  0\$a2692
=040  \\$aDLC$cDLC$dUk
=042  \\$aukblsr
=082  04$a973.3$223
=100  1\$aWashington, George,$d1732-1799.
=245  14$aThe papers of George Washington.$pRevolutionary War series /$cPhilander D. Chase, editor.
=260  \\$aCharlottesville ;$aLondon :$bUniversity Press of Virginia,$c1985-
=300  \\$av. :$bill., maps ;$c25 cm.
=336  \\$atext$2rdacontent
=337  \\$aunmediated$2rdamedia
=338  \\$avolume$2rdacarrier
=500  \\$aVol. 7-9 : Dorothy Twohig, editor.
=500  \\$aVol. 10 : Frank E. Grizzard, Jr., editor.
=500  \\$aVol. 11-12 : Philander D. Chase and Edward G. Lengel, editors.
=500  \\$aVol. 19: Philander D. Chase and William M. Ferraro, editors.
=500  \\$aVol. 23, 25: William M. Ferraro, editor.
=500  \\$aVol. 24: Benjamin L. Huggins, editor.
=500  \\$aVol. 26: Benjamin L. Huggins and Adrina Garbooshian-Huggins, editors.
=500  \\$aVol. 28: William M. Ferraro and Jeffrey L. Zvengrowski, editors.
=500  \\$aVol. 29: William M. Ferraro, editor.
=504  \\$aIncludes bibliographical references and indexes.
=505  1\$a1. June-September 1775 -- 2. September-December 1775 -- 3. January-March 1776 -- v. 4. April-June 1776 -- v. 5. June-August 1776 -- v. 6. August 1776-October 1776 -- v. 7. October 1776-January 1777 -- v. 8. January-March 1777 -- v. 9. March-June 1777 -- v. 10. June-August 1777 -- v. 11. August-October 1777 -- v. 12. October-December 1777 -- 13. December 1777-February 1778 / Edward G. Lengel, editor -- 14. March-April 1778 / David R. Hoth, editor -- 16. July-September 1778 / David R. Hoth, editor -- 17. 15 September-31 October 1778 -- 19. 15 January-7 April 1779 -- v. 23. 22 October - 31 December 1779 -- v. 24. 1 January-9 March 1780 -- v. 25. 10 March-12 May 1780 -- v. 26. 13 May-4 July 1780 -- v. 28. 28 August-27 October 1780 -- v. 29. 28 October-31 December 1780.
=600  10$aWashington, George,$d1732-1799$vArchives.
=650  \0$aPresidents$zUnited States$vArchives.
=651  \0$aUnited States$xHistory$yRevolution, 1775-1783.
=700  1\$aChase, Philander D.
=700  1\$aTwohig, Dorothy.
=700  1\$aGrizzard, Frank E.,$cJr.
=700  1\$aLengel, Edward G.
=700  1\$aHuggins, Benjamin L.,$d1965-
=700  1\$aFerraro, William M.
=700  1\$aGarbooshian-Huggins, Adrina.
=852  41$aBritish Library$bHMNTS$jZA.9.a 2023$3Vol. 1 (1985)-v. 24 (2016)
=852  41$aBritish Library$bDSC$j85/24460=v 1
=852  41$aBritish Library$bDSC$j89/12379=v 3
=852  41$aBritish Library$bHMNTS$ivol. 26
=852  41$aBritish Library$bHMNTS$jYC.2019.a.8269
=852  41$aBritish Library$bHMNTS$jYC.2022.a.8272$ivol. 29
=852  41$aBritish Library$bHMNTS$jYD.2023.a.1542
=957  \\$a8812p
=957  \\$r24/4/02$tM/31067-03
=985  \\$aRecord merged by DQ team
=CAT  \\$aCONV$b00$c20040425$lBLL90$h0816
=CAT  \\$aCONV$b00$c20040502$lBLL01$h1516
=CAT  \\$a8456$b40$c20060911$lBLL01$h1052
=CAT  \\$a11070$b40$c20070110$lBLL01$h1624
=CAT  \\$a11070$b40$c20070111$lBLL01$h1617
=CAT  \\$a11070$b40$c20070111$lBLL01$h1619
=CAT  \\$a11070$b40$c20070111$lBLL01$h1632
=CAT  \\$a11070$b40$c20070111$lBLL01$h1637
=CAT  \\$a11070$b40$c20070111$lBLL01$h1646
=CAT  \\$a11250$b40$c20070510$lBLL01$h1203
=CAT  \\$a9665$b40$c20071219$lBLL01$h1341
=CAT  \\$a12323$b40$c20080828$lBLL01$h1408
=CAT  \\$aBATCH$b00$c20091210$lBLL01$h2357
=CAT  \\$a11250$b40$c20100907$lBLL01$h1332
=CAT  \\$a11250$b40$c20100907$lBLL01$h1333
=CAT  \\$a11250$b40$c20100907$lBLL01$h1337
=CAT  \\$a11009$b40$c20160323$lBLL01$h1216
=CAT  \\$aWR16_021$c20160610$lBLL01$h1939
=CAT  \\$a11250$b40$c20160720$lBLL01$h1333
=CAT  \\$a9665$b40$c20181106$lBLL01$h1232
=CAT  \\$a11250$b40$c20190925$lBLL01$h1117
=CAT  \\$aBATCH-UPD$b40$c20210902$lBLL01$h2043
=CAT  \\$a11250$b40$c20221201$lBLL01$h1334
=CAT  \\$a11312$b40$c20230715$lBLL01$h0953
=FIN  \\$aY
=LDO  \\$aCIP$bhbk
=LEO  \\$aMP5.0000287853
=LEO  \\$aMP10.0000430950
=LEO  \\$aMP13.0001174923
=LEO  \\$aMP8.0000547628
=LEO  \\$aMP5.0000287789
=LEO  \\$aMP13.0002006712
=SRC  \\$aBNB03$bbibmp5.200404.2.aa
=SRC  \\$aDSS01$bbibmp10.200404.2.aa
=SRC  \\$aHSS01$bbibmp13.200404.2.ab
=SRC  \\$aDSC01$bbibmp8.200404.2.aa
=SRC  \\$aLDS01$bbiblm.200404.2.aa
=SRC  \\$aHSS01$bbibmp13.200404.2.ad
=LAS  \\$a11312$b40$c20230715$lBLL01$h0953

