=LDR  02352pam a2200625 a 4500
=001  012701246
=003  Uk
=005  20100122115836.0
=008  010108m20009999enkab\\\\b\\\\000\0\eng\\
=015  \\$aGBA0X5261$2bnb
=016  7\$a012701246$2Uk
=019  y\$abA0X5261
=019  9\$a1857111397
=019  1\$a1857111397
=020  \\$a1857111397 (pts. 1-2 : pbk.) :$c£16.00
=020  \\$a9781857112269 (pts. 3-5 : pbk.) :$c£32.00
=020  \\$a1857112261 (pts. 3-5 : pbk.) :$c£32.00
=039  0\$a2624
=040  \\$aStDuBDS$dUk
=042  \\$aukblsr
=082  04$a016.96$222
=245  00$aAfrica through Western eyes :$ba listing and guide to the microfilm collection.
=260  \\$aMarlborough :$bAdam Matthew,$c2000-
=300  \\$av. :$bill., maps. ;$c21 cm.
=336  \\$atext$2rdacontent
=337  \\$aunmediated$2rdamedia
=338  \\$avolume$2rdacarrier
=500  \\$aFormerly CIP.$5Uk
=504  \\$aIncludes bibliographical references.
=505  0\$apts. 1-2. Original manuscripts from the Royal Commonwealth Society Library at Cambridge University Library -- pts. 3-5. A listing and guide to parts 3-5 of the microfilm collection.
=650  \0$aMissionaries$zAfrica$xHistory$xManuscripts$vCatalogs.
=650  \0$aManuscripts on microfilm$vCatalogs.
=651  \0$aAfrica$xDiscovery and exploration$xManuscripts$vCatalogs.
=651  \0$aAfrica$xHistory$xManuscripts$vCatalogs.
=651  \0$aAfrica$xSocial life and customs$vCatalogs.
=710  2\$aRoyal Commonwealth Society.$bLibrary.
=710  2\$aCambridge University Library.
=852  41$aBritish Library$bHMNTS$jYK.2010.a.2156$ipts. 3-5
=852  41$aBritish Library$bDSC$ipts. 1-2
=852  41$aBritish Library$bHMNTS$j2702.b.410$ipts. 1-2
=CAT  \\$aCONV$b00$c20040425$lBLL90$h0831
=CAT  \\$aCONV$b00$c20040502$lBLL01$h1517
=CAT  \\$a10746$b40$c20050718$lBLL01$h1604
=CAT  \\$aBATCH-CIPC$b00$c20080715$lBLL01$h1704
=CAT  \\$a10876$b40$c20091218$lBLL01$h1403
=CAT  \\$a6989$b40$c20100122$lBLL01$h1157
=CAT  \\$a6989$b40$c20100122$lBLL01$h1158
=CAT  \\$aWR16_021$c20160610$lBLL01$h1939
=FIN  \\$aY
=FMT  \\$a  BK
=LAS  \\$aWR16_021$b00$c20160610$lBLL01$h1939
=LEO  \\$aMP5.0001833097
=LEO  \\$aMP13.0002372961
=SRC  \\$aBNB03$bbibmp5.200404.2.ad
=SRC  \\$aHSS01$bbibmp13.200404.2.ad

