=LDR  02354cam a2200649ua 4500
=001  012729734
=003  Uk
=005  20220331222458.0
=008  990607s1999\\\\enk\\\\||\\\\\001\||eng\\
=FMT  \\$a  BK
=015  \\$aGB99Z1556$2bnb
=019  y\$ab99Z1556
=019  9\$a9041197192
=019  g\$aadv4000000414
=019  a\$aG05734339
=019  1\$a9041197192
=020  \\$a9041197192 :$c£105.00
=020  \\$a9041196706 (series)
=039  0\$a2544
=040  \\$aStDuBDS$dUk
=082  04$a343.40925$221
=245  00$aContemporary developments in nuclear energy law :$bharmonising legislation in CEEC/NIS /$cedited by Nathalie L.J.T. Horbach.
=260  \\$aLondon :$bKluwer Law International,$c1999.
=300  \\$axxviii,696p. ;$c25cm.
=336  \\$atext$2rdacontent
=337  \\$aunmediated$2rdamedia
=338  \\$avolume$2rdacarrier
=490  1\$aInternational energy and resources law and policy
=504  \\$aIncludes bibliographical references and index.
=598  \\$aPROV.RECORD
=540  \\$aBritish Library not licensed to copy$c0$5Uk
=650  \0$aNuclear energy$xLaw and legislation$zEurope.
=650  \0$aNuclear energy$xLaw and legislation.
=650  \0$aRadioactive substances$xSafety regulations$zEurope.
=650  \0$aRadioactive substances$xSafety regulations.
=700  1\$aHorbach, Nathalie Louisa Johanna Theodora,$d1967-
=830  \0$aInternational energy and resources law and policy
=852  41$aBritish Library$bDSC$i4539.97745
=852  41$aBritish Library$bHMNTS$jYC.1999.b.4239
=945  \\$aInternational Energy and Resources Law and Policy Series
=966  \\$lACQUIS 14/09/99
=CAT  \\$aCONV$b00$c20040425$lBLL90$h0841
=CAT  \\$aCONV$b00$c20040502$lBLL01$h1518
=CAT  \\$aglobal_upd$b40$c20060417$lBLL01$h1506
=CAT  \\$aBATCH$b00$c20091123$lBLL01$h0320
=CAT  \\$aBATCH$b00$c20091217$lBLL01$h0316
=CAT  \\$aBATCH-CLAB$c20220330$lBLL01$h1737
=CAT  \\$aIPL-CLA$c20220331$lBLL01$h2224
=CFI  0\$aBritish Library not licensed to copy$c0$e01-apr-2022$hC$iCFP Excluded$5Uk
=FIN  \\$aY
=LEO  \\$aMP5.0001898461
=LEO  \\$aMP8.0001516239
=LEO  \\$aMP13.0002731940
=SRC  \\$aBNB03$bbibmp5.200404.2.ad
=SRC  \\$aDSC01$bbibmp8.200404.2.ac
=SRC  \\$aHSS01$bbibmp13.200404.2.ae
=LAS  \\$aIPL-CLA$b00$c20220331$lBLL01$h2224

