=LDR  02793 am a2200685 a 4500
=001  012875361
=003  Uk
=005  20091014163957.0
=008  040414m20042006enkabc\\\b\\\\001\0\eng\\
=FMT  \\$a  BK
=015  \\$aGBA4X5687$2bnb
=016  7\$a012875361$2Uk
=020  \\$a1903223407 (v. 1) :$c£29.95
=020  \\$a1903223415 (v. 2) :$c£29.99
=020  \\$a9781903223604 (v. 3) :$c£29.99
=020  \\$a1903223601 (v. 3) :$c£29.99
=020  \\$a9781906537012 (v. 4) :$c£35.00
=020  \\$a1906537011 (v. 4) :$c£35.00
=040  \\$aStDuBDS$dUk
=042  \\$aukblsr
=082  04$a940.544941$222
=100  1\$aShores, Christopher F.
=245  10$a2nd Tactical Air Force.
=246  3\$aSecond Tactical Air Force
=250  \\$a[New ed.] /$bChristopher Shores & Chris Thomas.
=260  \\$aHersham :$bClassic,$c2004-2006.
=300  \\$a3 v. :$bill. (some col.), 1 col. map, ports. ;$c31 cm.
=336  \\$atext$2rdacontent
=337  \\$aunmediated$2rdamedia
=338  \\$avolume$2rdacarrier
=500  \\$aPrevious ed. published in 1 vol. as: 2nd TAF. Reading : Osprey, 1970.
=504  \\$aIncludes bibliographical references and index.
=505  0\$av. 1. Spartan to Normandy, June 1943 to June 1944 -- v. 2. Breakout to Bodenplatte, July 1944 to January 1945 -- v. 3. From the Rhine to victory, January to May 1945 -- v. 4. Squadrons, camouflage and markings, weapons and tactics 1943-45.
=500  \\$aFormerly CIP.$5Uk
=610  10$aGreat Britain.$bRoyal Air Force.$bTactical Air Force, 2nd (1951- )$xHistory.
=650  \0$aWorld War, 1939-1945$xAerial operations, British.
=700  1\$aThomas, Chris,$d1945-
=700  1\$aShores, Christopher,$d1937-$t2nd TAF.
=852  41$aBritish Library$bHMNTS$jLC.31.b.6319$ivol. 4
=852  41$aBritish Library$bDSC$jm09/.27112$ivol. 2
=852  41$aBritish Library$bHMNTS$ivol. 2
=852  41$aBritish Library$bDSC$jfm06/.1282$ivol. 3
=852  41$aBritish Library$bHMNTS$jYC.2006.b.3084$ivol. 3
=852  41$aBritish Library$bHMNTS$jLC.31.b.714$ivol. 1
=852  41$aBritish Library$bDSC$jm04/.30567$ivol. 1
=CAT  \\$aBATCH$b00$c20040530$lBLL01$h1135
=CAT  \\$aCIPCORR$c20040613$lBLL01$h1856
=CAT  \\$a11317$b40$c20041005$lBLL01$h1501
=CAT  \\$a11317$b40$c20041005$lBLL01$h1523
=CAT  \\$a11317$b40$c20041005$lBLL01$h1526
=CAT  \\$a11009$b40$c20050330$lBLL01$h1116
=CAT  \\$a12324$b40$c20051115$lBLL01$h1643
=CAT  \\$a11250$b40$c20060628$lBLL01$h0910
=CAT  \\$a11070$b40$c20061208$lBLL01$h1411
=CAT  \\$a8964$b40$c20080213$lBLL01$h1353
=CAT  \\$a11070$b40$c20091014$lBLL01$h1639
=CAT  \\$aBATCH-UPD$b40$c20110603$lBLL01$h2036
=CAT  \\$aWR16_021$c20160610$lBLL01$h1940
=FIN  \\$aY
=LAS  \\$aWR16_021$b00$c20160610$lBLL01$h1940

