=LDR  01785cam a2200541 a 4500
=001  012876241
=003  Uk
=005  20230331164021.0
=008  040630s2005\\\\flua\\\\\b\\\\001\0\eng\\
=FMT  \\$a  BK
=010  \\$a2004051076  
=015  \\$aGBA4X4821$2bnb
=016  7\$a012876241$2Uk
=020  \\$a0849321727 :$c£87.00
=040  \\$aStDuBDS$dUk
=042  \\$aukblsr
=050  00$aTA491$b.T69 2005
=082  00$a671.73$222
=100  1\$aToyserkani, Ehsan.
=245  10$aLaser cladding /$cby Ehsan Toyserkani, Amir Khajepour, Stephen Corbin.
=260  \\$aBoca Raton, Fla. ;$aLondon :$bCRC,$c2005.
=300  \\$axiii, 260 p. :$bill. ;$c24 cm.
=336  \\$atext$2rdacontent
=337  \\$aunmediated$2rdamedia
=338  \\$avolume$2rdacarrier
=504  \\$aIncludes bibliographical references (p. 235-256) and index.
=500  \\$aFormerly CIP.$5Uk
=540  \\$aCurrent Copyright Fee: GBP34.00$c0$5Uk
=650  \0$aMetal cladding.
=650  \0$aLasers$xIndustrial applications.
=700  1\$aKhajepour, Amir.
=700  1\$aCorbin, Stephen.
=852  11$aBritish Library$bHMNTS$k(B)$h671.73
=852  41$aBritish Library$bDSC$jm04/33564
=CAT  \\$aBATCH$b00$c20040530$lBLL01$h1337
=CAT  \\$c20040530$lBLL01$h1339
=CAT  \\$c20040530$lBLL01$h1345
=CAT  \\$aCIPCORR$c20040613$lBLL01$h1856
=CAT  \\$c20040906$lBLL01$h1414
=CAT  \\$a6605$b40$c20041206$lBLL01$h1324
=CAT  \\$a6160$b40$c20050727$lBLL01$h1448
=CAT  \\$aWR16_021$c20160610$lBLL01$h1940
=CAT  \\$aBATCH-CLAB$c20230324$lBLL01$h1344
=CAT  \\$aIPL-CLA$c20230331$lBLL01$h1640
=CFI  0\$aCurrent Copyright Fee: GBP34.00$c0$e01-apr-2023$fGBP34.00$g0$hC$5Uk
=FIN  \\$aY$d20050727
=SRC  \\$aBLL02
=LAS  \\$aIPL-CLA$b00$c20230331$lBLL01$h1640

