=LDR  01452pam a2200469 a 4500
=001  012876475
=003  Uk
=005  20041022092526.0
=008  040503s2004\\\\xxua\\\\\b\\\\001\0\eng\\
=FMT  \\$a  BK
=010  \\$a2004049949
=015  \\$aGBA4X4599$2bnb
=016  7\$a012876475$2Uk
=020  \\$a0071398252 :$c£85.00
=040  \\$aStDuBDS
=042  \\$aukblsr
=082  04$a670$222
=100  1\$aGeng, Hwaiyu.
=245  10$aManufacturing engineering handbook /$cHwaiyu Geng.
=260  \\$aNew York ;$aLondon :$bMcGraw-Hill,$c2004.
=300  \\$a1 v. :$bill. ;$c25 cm.
=336  \\$atext$2rdacontent
=337  \\$aunmediated$2rdamedia
=338  \\$avolume$2rdacarrier
=490  1\$aMcGraw-Hill handbooks
=504  \\$aIncludes bibliographical references and index.
=500  \\$aFormerly CIP.$5Uk
=650  \0$aProduction engineering.
=830  \0$aMcGraw-Hill handbooks.
=852  11$aBritish Library$bHMNTS$k(B)$h670
=852  41$aBritish Library$bDSC$jm04/29016
=CAT  \\$aBATCH$b00$c20040530$lBLL01$h1348
=CAT  \\$c20040530$lBLL01$h1349
=CAT  \\$c20040530$lBLL01$h1356
=CAT  \\$aCIPCORR$c20040613$lBLL01$h1856
=CAT  \\$c20040712$lBLL01$h1438
=CAT  \\$a9666$b40$c20041022$lBLL01$h0925
=CAT  \\$aBATCH$b00$c20091217$lBLL01$h0318
=CAT  \\$aWR16_021$c20160610$lBLL01$h1940
=CAT  \\$aBATCH-UPD$b00$c20160610$lBLL01$h2008
=FIN  \\$aY
=LAS  \\$aBATCH-UPD$b00$c20160610$lBLL01$h2008

