=LDR  01791cam a2200505 a 4500
=001  012880849
=003  Uk
=005  20070618135105.0
=008  040510m20059999enka\\\\\\\\\\001\0\eng\\
=FMT  \\$a  BK
=015  \\$aGBA4X0174$2bnb
=016  7\$a012880849$2Uk
=020  \\$a0851318932 (v. 1) :$c£17.99
=020  \\$a0851319092 (v. 2 : pbk.) :$c£16.99
=020  \\$a9780851319155 (v. 3 : pbk.) :$c£17.99
=040  \\$aStDuBDS$beng$cStDuBDS$dUk
=042  \\$aukblsr
=082  04$a636.1$222
=100  1\$aBrega, Julie.
=245  10$aEssential equine studies /$cJulia Brega.
=260  \\$aLondon :$bJ.A. Allen,$cc2005-
=300  \\$a4 v. :$bill. (some col.) ;$c30 cm.
=336  \\$atext$2rdacontent
=337  \\$aunmediated$2rdamedia
=338  \\$avolume$2rdacarrier
=500  \\$aIncludes index.
=505  0\$abk. 1. Anatomy & physiology -- bk. 2. Health, nutrition & fitness -- bk. 3. Injury, disease & nursing -- bk. 4. Business & estate management.
=500  \\$aFormerly CIP.$5Uk
=650  \0$aHorses.
=852  41$aBritish Library$bHMNTS$jYK.2008.b.3101$ibk. 3
=852  41$aBritish Library$bHMNTS$jYK.2006.b.588$ibk. 2
=852  41$aBritish Library$bHMNTS$ibk. 1
=852  41$aBritish Library$bHMNTS$jYKL.2023.b.6551
=CAT  \\$aBATCH$b00$c20041130$lBLL01$h1704
=CAT  \\$c20041130$lBLL01$h1705
=CAT  \\$a12327$b40$c20050617$lBLL01$h1335
=CAT  \\$a11250$b40$c20051214$lBLL01$h1048
=CAT  \\$a11250$b40$c20051214$lBLL01$h1052
=CAT  \\$a11250$b40$c20051214$lBLL01$h1053
=CAT  \\$a8299$b40$c20070618$lBLL01$h1350
=CAT  \\$a8299$b40$c20070618$lBLL01$h1351
=CAT  \\$aWR16_021$c20160610$lBLL01$h1942
=CAT  \\$aW2308-1659$c20230923$lBLL01$h0902
=FIN  \\$aY$d20051214
=LAS  \\$aW2308-1659$b00$c20230923$lBLL01$h0902

