=LDR  01523cam a2200457 a 4500
=001  012950488
=003  Uk
=005  20050622102613.0
=008  040525s2004\\\\enka\\\\\b\\\\001\0\eng\\
=FMT  \\$a  BK
=015  \\$aGBA450741$2bnb
=016  7\$a012950488$2Uk
=020  \\$a1856174506 (hbk.) :$cNo price
=040  \\$aStDuBDS$dUk
=042  \\$aukblsr
=082  04$a668.494$222
=100  1\$aRosato, Donald V.
=245  10$aReinforced plastics handbook.
=250  \\$a3rd ed. /$bDonald V. Rosato, Dominick V. Rosato.
=260  \\$aOxford :$bElsevier Advanced Technology,$c2004.
=300  \\$axxx, 1082 p. :$bill. ;$c25 cm.
=336  \\$atext$2rdacontent
=337  \\$aunmediated$2rdamedia
=338  \\$avolume$2rdacarrier
=500  \\$aPrevious ed.: / John Murphy. 1998.
=500  \\$aFormerly CIP.$5Uk
=650  \0$aReinforced plastics$vHandbooks, manuals, etc.
=700  1\$aRosato, Dominick V.
=700  1\$aMurphy, John,$d1934 May 23-$tReinforced plastics handbook.
=852  11$aBritish Library$bHMNTS$k(B)$h668.494
=852  41$aBritish Library$bDSC$jm05/.19981
=CAT  \\$aBATCH$b00$c20040713$lBLL01$h1112
=CAT  \\$c20040713$lBLL01$h1113
=CAT  \\$c20040713$lBLL01$h1122
=CAT  \\$a6605$b40$c20050421$lBLL01$h1339
=CAT  \\$a11070$b40$c20050622$lBLL01$h1026
=CAT  \\$a10743$b40$c20050707$lBLL01$h0938
=CAT  \\$aWR16_021$c20160610$lBLL01$h1947
=CAT  \\$aW2308-1659$c20230923$lBLL01$h0905
=FIN  \\$aY$d20050421
=LAS  \\$aW2308-1659$b00$c20230923$lBLL01$h0905

