=LDR  01360cam a2200421 a 4500
=001  012950489
=003  Uk
=005  20050621083703.0
=008  040525s2004\\\\enka\\\\\b\\\\001\0\eng\\
=FMT  \\$a  BK
=015  \\$aGBA450742$2bnb
=016  7\$a012950489$2Uk
=020  \\$a1856174514 (cased) :$cNo price
=040  \\$aStDuBDS$dUk
=042  \\$aukblsr
=082  04$a671.732$222
=100  1\$aKanani, Nasser.
=245  10$aElectroplating :$bbasic principles, processes and practice /$cNasser Kanani.
=260  \\$aOxford :$bElsevier Advanced Technology,$cc2004.
=300  \\$axi, 353 p. :$bill. ;$c25 cm.
=336  \\$atext$2rdacontent
=337  \\$aunmediated$2rdamedia
=338  \\$avolume$2rdacarrier
=500  \\$aFormerly CIP.$5Uk
=650  \0$aElectroplating.
=852  11$aBritish Library$bHMNTS$k(B)$h671.732
=852  41$aBritish Library$bDSC$jm04/.39376
=CAT  \\$aBATCH$b00$c20040713$lBLL01$h1112
=CAT  \\$c20040713$lBLL01$h1113
=CAT  \\$c20040713$lBLL01$h1122
=CAT  \\$a6632$b40$c20041215$lBLL01$h1653
=CAT  \\$a12327$b40$c20050614$lBLL01$h0851
=CAT  \\$a11070$b40$c20050616$lBLL01$h1802
=CAT  \\$a11244$b40$c20050621$lBLL01$h0837
=CAT  \\$aWR16_021$c20160610$lBLL01$h1947
=CAT  \\$aW2308-1659$c20230923$lBLL01$h0905
=FIN  \\$aY$d20041215
=LAS  \\$aW2308-1659$b00$c20230923$lBLL01$h0905

