=LDR  02150cam a2200553 a 4500
=001  012963546
=003  Uk
=005  20050616112954.0
=008  040723s2004\\\\dcua\\\\\\\\\\000\0\eng\\
=FMT  \\$a  BK
=015  \\$aGBA456905$2bnb
=016  7\$a012963546$2Uk
=020  \\$a158901104X (pbk.) :$c£39.50
=020  \\$a158901037X (answer key : pbk.) :$cNo price
=040  \\$aStDuBDS$dUk
=041  0\$aeng$aara
=042  \\$aukblsr
=082  04$a492.782421$222
=100  1\$aBrustad, Kristen E.
=245  10$aal-Kitāb fī taʻallum al-ʻArabīyah, maʻa aqrāṣ DVD =$b= al-Kitaab fii taʻallum al-ʻArabiyya, with DVDs : a textbook for beginning Arabic.$pPart one /$cKristin Brustad, Mahmoud al-Batal, and Abbas al-Tonsi.
=246  30$aKitāb fī taʻallum al-ʻArabīyah
=246  31$aKitaab fii taʻallum al-ʻArabiyya, with DVDs
=246  31$aTextbook for beginning Arabic
=250  \\$a2nd ed.
=260  \\$aWashington, D.C. :$bGeorgetown University Press,$c2004.
=300  \\$a2 v. :$bill. ;$c28 cm. +$e3 DVD-ROMs
=336  \\$atext$2rdacontent
=337  \\$aunmediated$2rdamedia
=338  \\$avolume$2rdacarrier
=505  0\$a[v. 1]. No special title -- [v. 2]. Answer key to al-Kitaab fii taʻallum al-ʻArabiyya, with DVDs.
=546  \\$aText in English and Arabic.
=500  \\$aPrevious ed.: 1995.
=500  \\$aFormerly CIP.$5Uk
=650  \0$aArabic language$vTextbooks for foreign speakers$xEnglish.
=700  1\$aAl-Batal, Mahmoud.
=700  1\$aTūnisī, ʿAbbās.
=740  02$aAnswer key to al-Kitaab fii taʻallum al-ʻArabiyya, with DVDs.
=852  41$aBritish Library$bHMNTS$jEMC.2005.b.68$ivol. 1
=852  41$aBritish Library$bHMNTS$ivol. 2
=CAT  \\$aBATCH$b00$c20040803$lBLL01$h1525
=CAT  \\$c20040803$lBLL01$h1526
=CAT  \\$c20040803$lBLL01$h1530
=CAT  \\$a11317$b40$c20050616$lBLL01$h1127
=CAT  \\$a11317$b40$c20050616$lBLL01$h1129
=CAT  \\$aBATCH-UPD$b40$c20081017$lBLL01$h2219
=CAT  \\$aWR16_021$c20160610$lBLL01$h1950
=CAT  \\$aW2308-1659$c20230923$lBLL01$h0906
=FIN  \\$aY$d20050616
=LAS  \\$aW2308-1659$b00$c20230923$lBLL01$h0906

