=LDR  01214 am a2200361 a 4500
=001  012979239
=003  Uk
=005  20040915142341.0
=008  040827s1995\\\\enkac\\\\b\\\\000\0beng\\
=FMT  \\$a  BK
=015  \\$aGBA462536$2bnb
=020  \\$a0952697602 (pbk.) :$c£9.50
=040  \\$aUk$beng$cUk
=042  \\$aukblsr
=082  04$a792.7028092$222
=100  1\$aArcher, R. J.
=245  10$aOur only Arthur :$bthe story of Arthur Roberts, Victorian comic genius /$cby R.J. Archer.
=260  \\$aAmersham :$bStocker Hocknell,$c1995.
=300  \\$a76 p. :$bill., ports. ;$c25 cm.
=336  \\$atext$2rdacontent
=337  \\$aunmediated$2rdamedia
=338  \\$avolume$2rdacarrier
=504  \\$aIncludes bibliographical references.
=600  10$aRoberts, Arthur,$d1852-1933$vBiography.
=650  \0$aComedians$zGreat Britain$vBiography.
=852  41$aBritish Library$bHMNTS$jYC.2004.a.8191
=852  71$aBritish Library$bHMNTS$k(P)$hPL 50$m-E(30)$2blsrissc
=CAT  \\$a12179$b40$c20040827$lBLL01$h0852
=CAT  \\$a12179$b40$c20040902$lBLL01$h1154
=CAT  \\$a7000$b40$c20040914$lBLL01$h1445
=CAT  \\$a11244$b40$c20040915$lBLL01$h1423
=FIN  \\$aY
=LAS  \\$a11244$b40$c20040915$lBLL01$h1423

