=LDR  01667 am a2200457 a 4500
=001  012982750
=003  Uk
=005  20041123104102.0
=008  971015m19972001mauab\\\\b\\\\001\0\eng\\
=FMT  \\$a  BK
=010  \\$a   97032457 
=020  \\$a0880820586 (v. 1 : alk. paper)
=020  \\$a0880820632 (v. 2 : alk. paper)
=020  \\$a0880821256 (v. 3 : alk. paper)
=040  \\$aDLC$cDLC$dDLC$dUk
=042  \\$aukblsr
=043  \\$an-us-ma
=050  00$aF89.S4$bB28 1997
=082  00$a929.374482$222
=100  1\$aBangs, Jeremy Dupertuis,$d1946-
=245  14$aThe seventeenth-century town records of Scituate, Massachusetts /$cJeremy Dupertius Bangs.
=246  3\$a17th-century town records of Scituate, Massachusetts
=246  30$aTown records of Scituate, Massachusetts
=260  \\$aBoston, Mass. :$bNew England Historic Genealogical Society,$cc1997-c2001.
=300  \\$a3 v. :$bill., maps ;$c24 cm.
=336  \\$atext$2rdacontent
=337  \\$aunmediated$2rdamedia
=338  \\$avolume$2rdacarrier
=504  \\$aIncludes bibliographical references and indexes.
=651  \0$aScituate (Mass. : Town)$vGenealogy.
=651  \0$aScituate (Mass. : Town)$xHistory$vSources.
=650  \0$aRegisters of births, etc.$zMassachusetts$zScituate (Town)
=710  2\$aNew England Historic Genealogical Society.
=852  41$aBritish Library$bHMNTS$ivol. 3
=852  41$aBritish Library$bHMNTS$ivol. 1
=852  41$aBritish Library$bHMNTS$jYD.2004.b.985$ivol. 2
=CAT  \\$aAGENCY10$b40$c20040901$lBLL01$h1601
=CAT  \\$a11317$b40$c20041123$lBLL01$h1041
=FIN  \\$aY
=SRC  \\$aBLL02$bpart.2.au
=LAS  \\$a11317$b40$c20041123$lBLL01$h1041

