=LDR  02034 as a2200541 a 4500
=001  012983443
=003  Uk
=005  20180928094140.0
=007  ta
=008  040902d20032006enkar\p\\\\\\\0\\\a0eng\\
=FMT  \\$a  SE
=040  \\$aUk$beng$cUk$dUk
=042  \\$aukblsr
=046  \\$at$c2004$e2007
=082  04$a338.927$222
=110  2\$aBP (Firm)
=240  10$aSustainability report (BP (Firm))
=245  10$aSustainability report ...
=246  17$aBP sustainability report
=260  \\$aLondon :$bBP,$c2004-2007.
=300  \\$av. :$bcol. ill., col. ports., col. maps ;$c28 cm.
=336  \\$atext$2rdacontent
=337  \\$aunmediated$2rdamedia
=338  \\$avolume$2rdacarrier
=362  0\$a2003-2006.
=580  \\$aFrom 2007 report issued online only.
=650  \0$aSustainable development$vPeriodicals.
=610  20$aBP (Firm)$vPeriodicals.
=690  7\$aManagement and Business Studies$2blcoll
=785  10$aBP (Firm).$sSustainability report (BP (Firm) : Online)
=785  01$aBP (Firm).$tSustainability review
=852  41$aBritish Library$bHMNTS$jZK.9.b.24192$3Earlier issues
=852  11$aBritish Library$bSTI$cBIPC$kTrade Literature Collection$32003-2006***Current issue
=985  \\$alooks like this has changed format from info on website - 2007 report t.p. verso (claim letter already gone out - the summary doc. "Sustainability review" may also be published in print format)
=CAT  \\$aAGENCY2$b40$c20040902$lBLL01$h1537
=CAT  \\$a11313$b40$c20050207$lBLL01$h1135
=CAT  \\$a8124$b40$c20061128$lBLL01$h1251
=CAT  \\$a8124$b40$c20061130$lBLL01$h0928
=CAT  \\$a3072$b40$c20081027$lBLL01$h1525
=CAT  \\$a3072$b40$c20081027$lBLL01$h1527
=CAT  \\$a8124$b40$c20090514$lBLL01$h1254
=CAT  \\$aBATCH$b00$c20090611$lBLL01$h1712
=CAT  \\$aWR14_140$c20140905$lBLL01$h1806
=CAT  \\$a8871$b40$c20180928$lBLL01$h0908
=CAT  \\$a8871$b40$c20180928$lBLL01$h0941
=FIN  \\$aY$d20050207
=TCO  \\$aCLA$bCLA$c008
=LAS  \\$a8871$b40$c20180928$lBLL01$h0941

