=LDR  01618 am a2200457 a 4500
=001  012984631
=003  Uk
=005  20051208155825.0
=008  040906s2004\\\\xxua\\\\\\\\\\001\0\eng\\
=FMT  \\$a  BK
=015  \\$aGBA604878$2bnb
=016  7\$a012984631$2Uk
=020  \\$a0805389644 (v. 1 with MasteringPhysics : pbk.) :$cNo price
=020  \\$a0805390081 (v. 1 without MasteringPhysics : pbk.) :$cNo price
=020  \\$a0805389679 (v. 2 : pbk.) :$cNo price
=020  \\$a0805389709 (v. 3 : pbk.) :$cNo price
=020  \\$a0805389733 (v. 4 : pbk.) :$cNo price
=020  \\$a0805389768 (v. 5 : pbk.) :$cNo price
=040  \\$aUk$beng$cUk
=042  \\$aukblsr
=082  04$a530$222
=100  1\$aKnight, Randall Dewey.
=245  10$aPhysics for scientists and engineers :$ba strategic approach /$cRandall D. Knight.
=260  \\$aSan Francisco, Calif. ;$aLondon :$bPearson/Addison-Wesley,$cc2004.
=300  \\$a5 v. :$bcol. ill. ;$c28 cm.
=336  \\$atext$2rdacontent
=337  \\$aunmediated$2rdamedia
=338  \\$avolume$2rdacarrier
=500  \\$aIncludes index.
=650  \0$aPhysics.
=852  41$aBritish Library$bHMNTS$ivol. 5
=852  41$aBritish Library$bHMNTS$ivol. 3
=852  41$aBritish Library$bHMNTS$jYK.2005.b.6275$ivol. 1
=852  41$aBritish Library$bHMNTS$ivol. 2
=852  41$aBritish Library$bHMNTS$ivol. 4
=CAT  \\$a8178$b40$c20040906$lBLL01$h1326
=CAT  \\$a8178$b40$c20040906$lBLL01$h1330
=CAT  \\$a11250$b40$c20051208$lBLL01$h1558
=CAT  \\$aWR16_021$c20160610$lBLL01$h1954
=FIN  \\$aY$d20051208
=LAS  \\$aWR16_021$b00$c20160610$lBLL01$h1954

