=LDR  01436 am a22003737a 4500
=001  012986959
=003  Uk
=005  20050322135534.0
=008  040312s2003\\\\gw\\\\\\\b\\\\101\0\ger\d
=FMT  \\$a  BK
=020  \\$a3486567691 (pbk.)
=035  \\$a(GyWOH)har030131969
=040  \\$aGyWOH$beng$cGyWOH$dUk
=072  \7$aCB$2lcco
=111  2\$aDeutscher Historikertag$n(44th :$d2002 :$cHalle an der Saale, Germany)
=245  10$aTraditionen - Visionen :$b44. Deutscher Historikertag in Halle an der Saale vom 10. bis 13. September 2002 : Berichtsband /$cherausgegeben im Auftrag des Verbandes der Historiker und Historikerinnen Deutschlands von Andreas Ranft und Markus Meumann.
=260  \\$aMünchen :$bOldenbourg,$c2003.
=300  \\$axiii, 262 p. ;$c23 cm.
=336  \\$atext$2rdacontent
=337  \\$aunmediated$2rdamedia
=338  \\$avolume$2rdacarrier
=500  \\$aConference proceedings.
=504  \\$aIncludes bibliographical references and index.
=651  \0$aEurope$xHistory$vCongresses.
=700  1\$aRanft, Andreas.
=700  1\$aMeumann, Markus.
=852  41$aBritish Library$bHMNTS$jYF.2005.a.9927
=852  71$aBritish Library$bHMNTS$k(P)$hPL 50$m-E(30)$2blsrissc
=CAT  \\$a10904$b40$c20040908$lBLL01$h0756
=CAT  \\$a11246$b40$c20050322$lBLL01$h1355
=CAT  \\$aW1707-0052$c20170703$lBLL01$h1842
=FIN  \\$aY$d20050322
=SID  \\$aZ39$bRLG
=LAS  \\$aW1707-0052$b00$c20170703$lBLL01$h1842

