=LDR  01816 am a2200421 a 4500
=001  012987021
=003  Uk
=005  20091103092051.0
=008  071210s2003\\\\sa\ab\\\\bc\\\000\0\eng\\
=FMT  \\$a  BK
=020  \\$a0620305029 (pbk.)
=040  \\$aUk$beng$cUk
=042  \\$aukblsr
=100  1\$aCoetzee, Linda.
=245  10$aSeeking refuge :$bGerman Jewish immigration to the Cape in the 1930s, including aspects of Germany confronting its past /$cdesigned and compiled by Linda Coetzee, Myra Osrin, Millie Pimstone.
=260  \\$a[Cape Town] :$bCape Town Holocaust Centre,$cc2003.
=300  \\$a56 p. :$bill. (some col.), maps ;$c21 cm.
=336  \\$atext$2rdacontent
=337  \\$aunmediated$2rdamedia
=338  \\$avolume$2rdacarrier
=500  \\$a"This book was published on the occasion of the launch of Seeking Refuge, a travelling exhibition produced by the Cape Town Holocaust Centre, May 2003."--T.p. verso.
=504  \\$aIncludes bibliographical references.
=650  \0$aRefugees, Jewish$zSouth Africa$vExhibitions.
=650  \0$aJews, German$zSouth Africa$vBiography$vExhibitions.
=650  \0$aJews$zSouth Africa$vBiography$vExhibitions.
=650  \0$aHolocaust, Jewish (1939-1945)$zGermany$vExhibitions.
=651  \0$aSouth Africa$xEmigration and immigration$vExhibitions.
=651  \0$aGermany$xEmigration and immigration$xHistory$y1933-1945$vExhibitions.
=700  1\$aOsrin, Myra.
=710  2\$aCape Town Holocaust Centre.
=700  1\$aPimstone, Millie.
=852  41$aBritish Library$bOC$jYD.2009.a.7734
=852  71$aBritish Library$bOC$k(P)$hPL 50$m-E(30)$2blsrissc
=CAT  \\$a5703$b40$c20040908$lBLL01$h0909
=CAT  \\$a9671$b40$c20091102$lBLL01$h1331
=CAT  \\$a8964$b40$c20091103$lBLL01$h0920
=FIN  \\$aY$d20091102
=LAS  \\$a8964$b40$c20091103$lBLL01$h0920

