=LDR  01978 am a2200505 a 4500
=001  012987178
=003  Uk
=005  20060418104008.0
=008  040720s2004\\\\fr\ac\\\\bc\\\000\0\fre\d
=FMT  \\$a  BK
=020  \\$a2912964814 (pbk.)
=037  \\$a9782912964816
=040  \\$aTZT$cTZT$dAUXAM$dOCLCQ$dCUY$dMUQ$dUk
=041  0\$afre$aeng$ager
=042  \\$aukblsr
=072  \7$aND$2lcco
=082  14$a750$21
=100  1\$aKrummenacker, Carolyne.
=245  10$aThéophile-Alexandre Steinlen (1859-1923) /$cpréfaces, Jean-Marc Tarrit ... [et al.] ; textes de Carolyne Krummenacker, Philippe Kaenel, Raphaël Gérard.
=246  14$aSteinlen
=260  \\$aParis :$bFragments,$cc2004.
=300  \\$a187 p. :$bill. (chiefly col.), ports. (some col.) ;$c30 cm.
=336  \\$atext$2rdacontent
=337  \\$aunmediated$2rdamedia
=338  \\$avolume$2rdacarrier
=500  \\$a"Collection du Musée du Petit Palais, Genève; exposition au Musée de Payerne du 15 mai au 20 septembre 2004 ; exposition au Musée de Montmartre du 11 novembre 2004 au 13 février 2005"--P. 4.
=546  \\$aEnglish, French and German.
=504  \\$aIncludes bibliographical references.
=600  10$aSteinlen, Théophile Alexandre,$d1859-1923$vExhibitions.
=700  1\$aSteinlen, Théophile Alexandre,$d1859-1923.
=700  1\$aKaenel, Philippe.
=700  1\$aGérard, Raphaël.
=710  2\$aPetit Palais (Geneva, Switzerland)
=710  2\$aMusée de Payerne.
=710  2\$aMusée de Montmartre.
=852  41$aBritish Library$bHMNTS$jYF.2006.b.897
=852  71$aBritish Library$bHMNTS$k(P)$hPL 50$m-E(30)$2blsrissc
=CAT  \\$a4861$b40$c20040908$lBLL01$h1112
=CAT  \\$a11071$b40$c20060418$lBLL01$h1039
=CAT  \\$a11071$b40$c20060418$lBLL01$h1040
=CAT  \\$aBATCH-UPD$b40$c20081219$lBLL01$h2220
=CAT  \\$aBATCH-UPD$b40$c20090212$lBLL01$h2212
=FIN  \\$aY$d20060418
=SID  \\$aZ39$bOCLC
=LAS  \\$aBATCH-UPD$b40$c20090212$lBLL01$h2212

