=LDR  02131cam a2200601   4500
=001  013002283
=003  Uk
=005  20230331164142.0
=008  040525s2004\\\\flu\\\\\\b\\\\001\0\eng\\
=FMT  \\$a  BK
=010  \\$a  2004051932
=015  \\$aGBA470317$2bnb
=016  7\$a013002283$2Uk
=020  \\$a0849328985 :$c£85.00
=040  \\$aStDuBDS
=042  \\$aukblsr
=050  00$aRC965.M48$bE35 2004
=082  00$a615.902$222
=100  10$aEisler, Ronald,$d1932-
=245  10$aBiogeochemical, health, and ecotoxicological perspectives on gold and gold mining /$cRonald Eisler.
=260  \\$aBoca Raton, Fla. ;$aLondon :$bCRC,$c2004.
=300  \\$a355 p. ;$c25 cm.
=336  \\$atext$2rdacontent
=337  \\$aunmediated$2rdamedia
=338  \\$avolume$2rdacarrier
=500  \\$aFormerly CIP.$5Uk
=504  \\$aIncludes bibliographical references and indexes.
=540  \\$aCurrent Copyright Fee: GBP34.00$c0$5Uk
=650  \0$aGold mines and mining$xHealth aspects.
=650  \0$aGold mines and mining$xEnvironmental aspects.
=650  \0$aGold$xToxicology.
=650  \0$aGold$xPhysiological effect.
=852  11$aBritish Library$bSTI$k(B)615.902
=852  41$aBritish Library$bDSC$jm04/.37645
=BUF  \\$aN$d20060112
=CAT  \\$aBATCH$b00$c20040928$lBLL01$h1703
=CAT  \\$c20041111$lBLL01$h0904
=CAT  \\$a7732$b40$c20041127$lBLL01$h1458
=CAT  \\$a12324$b40$c20050819$lBLL01$h1056
=CAT  \\$c20050913$lBLL01$h1704
=CAT  \\$aBATCH-BUOC$b00$c20060112$lBLL01$h1722
=CAT  \\$c20060124$lBLL01$h1656
=CAT  \\$aWR16_021$c20160610$lBLL01$h1956
=CAT  \\$aBATCH-UPD$b00$c20160610$lBLL01$h2226
=CAT  \\$aBATCH-CLAB$c20220330$lBLL01$h1702
=CAT  \\$aIPL-CLA$c20220331$lBLL01$h2228
=CAT  \\$aBATCH-CLAB$c20230324$lBLL01$h1357
=CAT  \\$aIPL-CLA$c20230331$lBLL01$h1641
=CAT  \\$aW2308-1659$c20230923$lBLL01$h0909
=CFI  0\$aCurrent Copyright Fee: GBP34.00$c0$e01-apr-2023$fGBP34.00$g0$hC$5Uk
=CFI  2\$aPrevious Copyright Fee: GBP22.12$c0$e01-apr-2022$fGBP22.12$g0$hC$5Uk
=FIN  \\$aY
=LAS  \\$aW2308-1659$b00$c20230923$lBLL01$h0909

