=LDR  02050cam a2200565 a 4500
=001  013002732
=003  Uk
=005  20070410085223.0
=008  040830s2004\\\\enkab\\\\\\\\\001\0\eng\\
=FMT  \\$a  BK
=015  \\$aGBA470766$2bnb
=016  7\$a013002732$2Uk
=020  \\$a0748785019 (v. 1 : pbk.) :$cNo price
=020  \\$a0748785027 (v. 2 : pbk.) :$c£24.95
=040  \\$aStDuBDS$dUk
=042  \\$aukblsr
=082  04$a694$222
=100  1\$aBrett, Peter,$d1950-
=245  10$aCarpentry & joinery /$cPeter Brett.
=246  30$aCarpentry and joinery
=250  \\$a2nd ed.
=260  \\$aCheltenham :$bNelson Thornes,$c2005.
=300  \\$a2 v. :$bill., 1 map ;$c28 cm.
=336  \\$atext$2rdacontent
=337  \\$aunmediated$2rdamedia
=338  \\$avolume$2rdacarrier
=500  \\$aPrevious ed. published as: Carpentry and joinery for building craft students. London : Hutchinson, 1981.
=500  \\$a"Incorporating material from Site practice"--T.p. verso.
=505  0\$abk. 1. Job knowledge -- bk. 2. Practice activities.
=500  \\$aIncludes index.
=500  \\$aFormerly CIP.$5Uk
=650  \0$aCarpentry.
=650  \0$aJoinery.
=700  12$aBrett, Peter,$d1950-$tCarpentry and joinery for building craft students.
=700  12$aBrett, Peter,$d1950-$tCarpentry and joinery for advanced craft students : site practice.
=852  41$aBritish Library$bHMNTS$ibk. 2
=852  41$aBritish Library$bHMNTS$jYK.2005.b.2286$ibk. 1
=852  41$aBritish Library$bHMNTS$jYKL.2023.b.4646
=CAT  \\$aBATCH$b00$c20040928$lBLL01$h1703
=CAT  \\$c20040928$lBLL01$h1704
=CAT  \\$c20040928$lBLL01$h1708
=CAT  \\$a10812$b40$c20050215$lBLL01$h1343
=CAT  \\$a11317$b40$c20050808$lBLL01$h1521
=CAT  \\$a11317$b40$c20050808$lBLL01$h1522
=CAT  \\$a11317$b40$c20050809$lBLL01$h0756
=CAT  \\$a11168$b40$c20070410$lBLL01$h0852
=CAT  \\$aWR16_021$c20160610$lBLL01$h1957
=CAT  \\$aW2308-1659$c20230923$lBLL01$h0909
=FIN  \\$aY$d20050808
=LAS  \\$aW2308-1659$b00$c20230923$lBLL01$h0909

