=LDR  01834 am a2200469 a 4500
=001  013019193
=003  Uk
=005  20041222093350.0
=008  041020s2004\\\\azu\\\\\\b\\\\001\0\eng\\
=FMT  \\$a  BK
=010  \\$a2003040342
=020  \\$a0866982957 :$cNo price
=040  \\$aUk$beng$cUk
=042  \\$aukblsr
=082  04$a829.09$222
=245  00$aEarly medieval english texts and interpretations :$bstudies presented to Donald G. Scragg.$cedited by Elaine Treharne & Susan Rosser.
=260  \\$aTempe :$bArizona Center for Medieval and Renaissance Studies,$c2004.
=300  \\$axix, 391 p. ;$c24 cm
=336  \\$atext$2rdacontent
=337  \\$aunmediated$2rdamedia
=338  \\$avolume$2rdacarrier
=490  1\$aMedieval and Renaissance Texts and Studies ;$vv. 252
=500  \\$aIncludes index.
=540  \\$aBritish Library not licensed to copy$c0$5Uk
=650  \0$aEnglish literature$xOld English, ca. 450-1100$xHistory and criticism.
=650  \0$aEnglish literature$xOld English, ca. 450-1100$xCriticism, Textual.
=700  1\$aTreharne, Elaine M.
=700  1\$aRosser, Susan,$d1970-
=830  \0$aMedieval & Renaissance Texts & Studies (Series) ;$vv. 252.
=852  41$aBritish Library$bHMNTS$iVolume 252(2002)
=852  41$aBritish Library$bDSC$j5534.264500$iVolume 252(2002)
=CAT  \\$a6558$b40$c20041020$lBLL01$h1215
=CAT  \\$a6558$b40$c20041020$lBLL01$h1216
=CAT  \\$a9666$b40$c20041117$lBLL01$h0949
=CAT  \\$a10896$b40$c20041222$lBLL01$h0933
=CAT  \\$aBATCH-UPD$b40$c20100122$lBLL01$h2048
=CAT  \\$aBATCH-CLA$b00$c20130527$lBLL01$h0126
=CAT  \\$aBATCH-CLA$b00$c20150924$lBLL01$h0128
=CFI  0\$aBritish Library not licensed to copy$c0$e07-sep-2011$hC$iTX$5Uk
=FIN  \\$aY$d20041222
=TCO  \\$aTRS$bCCC$c008
=LAS  \\$aBATCH-CLA$b00$c20150924$lBLL01$h0128

