=LDR  01560cas a2200493 a 4500
=001  013023861
=003  Uk
=005  20120913141137.0
=008  040623d200u2007xxuar\p\\\\\\\0\\\a0eng\\
=FMT  \\$a  SE
=015  \\$aGBA477322$2bnb
=040  \\$aUk$beng$cUk
=042  \\$aukblsr
=082  04$a658.305$222
=245  18$aThe ... Pfeiffer annual.$pHuman resource management.
=246  30$aHuman resource management
=246  13$aHRM annual
=260  \\$a[Great Britain] :$bPfeiffer.
=300  \\$av. :$bill. ;$c29 cm.
=336  \\$atext$2rdacontent
=337  \\$aunmediated$2rdamedia
=338  \\$avolume$2rdacarrier
=362  0\$a2005-
=362  1\$aCeased in 2007.
=500  \\$aBegan in 2004?
=500  \\$aAccompanied by CD-ROM.
=650  \0$aPersonnel management$vPeriodicals.
=690  7\$aManagement and Business Studies$2blcoll
=852  41$aBritish Library$bDSC$cV$iVolume 3(2005)
=852  41$aBritish Library$bHMNTS$jESC.9.b.32$32005-2007
=916  \\$a100=NOTNACO
=985  \\$aCorrected by BSS-generated file
=CAT  \\$aBATCH$b00$c20041026$lBLL01$h1703
=CAT  \\$c20041026$lBLL01$h1704
=CAT  \\$c20041026$lBLL01$h1708
=CAT  \\$a11313$b40$c20050331$lBLL01$h1104
=CAT  \\$aBLSS-CORR$b00$c20080705$lBLL01$h2205
=CAT  \\$aBATCH$b00$c20090611$lBLL01$h1713
=CAT  \\$a7778$b40$c20120913$lBLL01$h1411
=CAT  \\$aWR14_140$c20140905$lBLL01$h1806
=CAT  \\$aW2308-1659$c20230923$lBLL01$h0911
=FIN  \\$aY$d20050331
=TCO  \\$aTRS$bCCC$c008
=LAS  \\$aW2308-1659$b00$c20230923$lBLL01$h0911

