=LDR  02581cam a2200661 a 4500
=001  013024046
=003  Uk
=005  20111117165651.0
=008  040807s2005\\\\mouac\\\\b\\\\001\0\eng\\
=FMT  \\$a  BK
=015  \\$aGBA477507$2bnb
=016  7\$a013024046$2Uk
=020  \\$a1878060767 (set with CD-ROM) :$c£174.00
=020  \\$a9781878060372 (set) :$cNo Price
=020  \\$a1878060376 (set) :$cNo price
=020  \\$a9781878060709 (v. 1) :$cNo price
=020  \\$a1878060708 (v. 1) :$cNo price
=020  \\$a9781878060716 (v. 2) :$cNo price
=020  \\$a1878060716 (v. 2) :$cNo price
=020  \\$a187806066X (CD-ROM) :$cNo price
=040  \\$aStDuBDS$beng$cStDuBDS$dUk
=042  \\$aukblsr
=082  00$a362.760973$222
=245  00$aMedical, legal & social science aspects of child exploitation :$ba comprehensive review of pornography, prostitution and internet crimes /$cSharon W. Cooper ... [et al.].
=246  3\$aMedical, legal, and social science aspects of child sexual exploitation.
=260  \\$aSaint Louis, Mo. ;$a[Great Britain] :$bG.W. Medical,$cc2005.
=300  \\$a2 v. (l, 1090 p.) :$bill., ports. ;$c30 cm. +$e1 CD-ROM
=336  \\$atext$2rdacontent
=337  \\$aunmediated$2rdamedia
=338  \\$avolume$2rdacarrier
=500  \\$aIn slipcase.
=504  \\$aIncludes bibliographical references and index.
=500  \\$aFormerly CIP.$5Uk
=650  \0$aChild sexual abuse$zUnited States$xPrevention.
=650  \0$aChildren$xCrimes against$zUnited States.
=650  \0$aAbused children$xServices for$zUnited States.
=650  \0$aChild prostitution$zUnited States.
=650  \0$aChildren in pornography$zUnited States.
=650  \0$aInternet pornography$zUnited States.
=690  7\$aSocial Welfare$2blcoll
=700  1\$aCooper, Sharon,$d1952-
=852  41$aBritish Library$bDSC$jVm05/.50685
=852  41$aBritish Library$bDSC$jVm05/.50684
=852  41$aBritish Library$bDSC$ivol. 2
=852  41$aBritish Library$bDSC$jVm05/.50683
=CAT  \\$aBATCH$b00$c20041026$lBLL01$h1703
=CAT  \\$c20041026$lBLL01$h1704
=CAT  \\$c20041026$lBLL01$h1708
=CAT  \\$a11317$b40$c20051111$lBLL01$h0938
=CAT  \\$a11317$b40$c20051111$lBLL01$h1022
=CAT  \\$a11317$b40$c20051111$lBLL01$h1220
=CAT  \\$aBATCH$b00$c20110625$lBLL01$h0510
=CAT  \\$aBATCH-SWP4$c20110627$lBLL01$h1552
=CAT  \\$a7416$b40$c20111117$lBLL01$h1656
=CAT  \\$aWR16_021$c20160610$lBLL01$h2000
=CAT  \\$aW2308-1659$c20230923$lBLL01$h0911
=FIN  \\$aY$d20051111
=LAS  \\$aW2308-1659$b00$c20230923$lBLL01$h0911

