=LDR  01508cam a2200457 a 4500
=001  013024100
=003  Uk
=005  20060509111011.0
=008  040915s2004\\\\enka\\\\\b\\\\001\0\eng\\
=FMT  \\$a  BK
=015  \\$aGBA477561$2bnb
=016  7\$a013024100$2Uk
=020  \\$a0340883472 (pbk.) :$c£9.99
=040  \\$aStDuBDS$beng$cStDuBDS$dUk
=042  \\$aukblsr
=082  04$a658.4012$222
=100  10$aBird, Polly.
=245  10$aBusiness plans /$cPolly Bird.
=260  \\$aLondon :$bTeach Yourself,$c2004.
=300  \\$aix, 211 p. :$bill. ;$c20 cm.
=336  \\$atext$2rdacontent
=337  \\$aunmediated$2rdamedia
=338  \\$avolume$2rdacarrier
=490  0\$aTeach yourself books
=504  \\$aIncludes bibliographical references and index.
=500  \\$aFormerly CIP.$5Uk
=650  \0$aBusiness planning.
=690  7\$aManagement and Business Studies$2blcoll
=852  41$aBritish Library$bHMNTS$jYK.2005.a.15339
=852  71$aBritish Library$bSTI$kSmall Business Help Section (BIPC1)$2blsrissc
=CAT  \\$aBATCH$b00$c20041026$lBLL01$h1703
=CAT  \\$c20041026$lBLL01$h1704
=CAT  \\$c20041026$lBLL01$h1708
=CAT  \\$a6191$b40$c20051102$lBLL01$h1234
=CAT  \\$a5751$b40$c20060509$lBLL01$h1110
=CAT  \\$aBATCH$b00$c20090611$lBLL01$h1713
=CAT  \\$aWR16_021$c20160610$lBLL01$h2000
=CAT  \\$aBATCH-UPD$b00$c20160610$lBLL01$h2252
=CAT  \\$aW2308-1659$c20230923$lBLL01$h0911
=FIN  \\$aY$d20051102.
=LAS  \\$aW2308-1659$b00$c20230923$lBLL01$h0911

