=LDR  01328 cm a2200409 a 4500
=001  013025828
=003  Uk
=005  20060308112040.0
=008  041029s2004\\\\enk||z\|\||||||n\\|\eng\\
=FMT  \\$a  MU
=016  \\$a013025828
=020  \\$a071193052X
=028  32$aAM89650$bWise Publications
=039  0\$a0703
=040  \\$aUk$beng$cUk
=082  04$a783.242166$222
=245  00$aAcoustic guitar greatest hits :$bplay-along chord songbook.
=260  \\$aLondon :$bWise,$cc2004.
=300  \\$a64 p. ;$c25 cm +$e2 compact discs
=336  \\$anotated music$2rdacontent
=337  \\$aunmediated$2rdamedia
=338  \\$avolume$2rdacarrier
=500  \\$aWords and chord symbols for 27 songs.
=500  \\$aCompiled by Lucy Holliday.
=650  \0$aRock music.
=700  1\$aHolliday, Lucy.
=852  41$aBritish Library$bDSC$cMUSIC
=852  41$aBritish Library$bMUSIC$jE.1940.y.(1.)$3Recorded material in Sound Archive: 1CD0268672
=CAT  \\$a8479$b40$c20041029$lBLL01$h1220
=CAT  \\$a8479$b40$c20041029$lBLL01$h1222
=CAT  \\$a8870$b40$c20060308$lBLL01$h1120
=CAT  \\$aBATCH-UPD$b40$c20071220$lBLL01$h1159
=CAT  \\$aWR16_021$c20160610$lBLL01$h2000
=CAT  \\$aBATCH-016$c20160905$lBLL01$h1706
=FIN  \\$aY$d20060308
=SID  \\$aZ39$bOXFORD
=LAS  \\$aBATCH-016$b00$c20160905$lBLL01$h1706

