=LDR  02447cam a2200637 a 4500
=001  013033130
=003  Uk
=005  20230331164209.0
=008  040807s2005\\\\enk\\\\\\b\\\\101\0\eng\\
=FMT  \\$a  BK
=015  \\$aGBA479923$2bnb
=016  7\$a013033130$2Uk
=020  \\$a0415348013 :$c£65.00
=040  \\$aStDuBDS$beng$cUk$dUk
=042  \\$aukblsr
=082  04$a364.10609496$222
=CNF  \\$aEnhancing cooperation against transborder crime in Southeast Europe : what are the priorities? (Workshop)$d(2003 Feb :$cSofia, Bulgaria)
=245  00$aFighting organized crime in southeast Europe /$c[edited by] Ekavi Athanassopoulou.
=260  \\$aLondon :$bRoutledge,$c2005.
=300  \\$a132 p. ;$c23 cm.
=336  \\$atext$2rdacontent
=337  \\$aunmediated$2rdamedia
=338  \\$avolume$2rdacarrier
=500  \\$aPapers presented at FONSI's (Forum on New Security Issues) workshops, 2003.
=591  \\$aReport.
=504  \\$aIncludes bibliographical references and index.
=500  \\$aFormerly CIP.$5Uk
=540  \\$aCurrent Copyright Fee: GBP34.00$c0$5Uk
=653  1\$aTransborder crime
=653  1\$aSoutheast Europe
=650  \0$aOrganized crime$zEurope, Eastern$vCongresses.
=650  \0$aOrganized crime$zEurope, Southern$vCongresses.
=690  7\$aSocial Welfare$2blcoll
=700  1\$aAthanassopoulou, Ekavi.
=852  41$aBritish Library$bHMNTS$jYC.2009.a.12908
=852  41$aBritish Library$bHMNTS$jSPIS 364.1
=852  41$aBritish Library$bDSC$im06/17861
=CAT  \\$aBATCH$b00$c20041109$lBLL01$h1703
=CAT  \\$c20041109$lBLL01$h1704
=CAT  \\$c20041109$lBLL01$h1708
=CAT  \\$a8178$b40$c20050512$lBLL01$h1001
=CAT  \\$a11164$b40$c20050518$lBLL01$h1144
=CAT  \\$a11164$b40$c20050518$lBLL01$h1157
=CAT  \\$a7196$b40$c20060405$lBLL01$h0950
=CAT  \\$aBATCH$b00$c20110625$lBLL01$h0510
=CAT  \\$aBATCH-SWP4$c20110627$lBLL01$h1552
=CAT  \\$aWR16_021$c20160610$lBLL01$h2001
=CAT  \\$aBATCH-CLAB$c20220330$lBLL01$h1712
=CAT  \\$aIPL-CLA$c20220331$lBLL01$h2228
=CAT  \\$aBATCH-CLAB$c20230324$lBLL01$h1402
=CAT  \\$aIPL-CLA$c20230331$lBLL01$h1642
=CAT  \\$aW2308-1659$c20230923$lBLL01$h0911
=CFI  0\$aCurrent Copyright Fee: GBP34.00$c0$e01-apr-2023$fGBP34.00$g0$hC$5Uk
=CFI  2\$aPrevious Copyright Fee: GBP28.00$c0$e01-apr-2022$fGBP28.00$g0$hC$5Uk
=FIN  \\$aY$d20050518
=LAS  \\$aW2308-1659$b00$c20230923$lBLL01$h0911

