=LDR  01482 am a2200433 a 4500
=001  013041734
=003  Uk
=005  20041129081011.0
=008  040628s2004\\\\it\a\\\\\b\\\\001\0\ita\d
=FMT  \\$a  BK
=020  \\$a8882123618
=035  \\$a(NNU)NYUb12924867
=035  \\$a(NYU)NYUb12924867
=040  \\$aItFiC$beng$cItFiC$dNNU$dUk
=043  \\$ae-it
=050  \4$aPQ4113$b.C368 2004
=082  14$a851$212
=245  03$aIl canto strozzato :$bpoesia italiana del Novecento : saggi critici e antologia di testi /$ca cura di Giuseppe Langella, Enrico Elli.
=250  \\$a3. ed. accresciuta.
=260  \\$aNovara :$bInterlinea,$c2004.
=300  \\$a719 p. :$bill. ;$c21 cm.
=336  \\$atext$2rdacontent
=337  \\$aunmediated$2rdamedia
=338  \\$avolume$2rdacarrier
=490  1\$aBiblioteca letteraria dell'Italia unita ;$v6
=504  \\$aIncludes bibliographical references and index.
=650  \0$aItalian poetry$y20th century$xHistory and criticism.
=700  1\$aLangella, Giuseppe.
=700  1\$aElli, Enrico.
=830  \0$aBiblioteca letteraria dell'Italia unita ;$v6.
=852  41$aBritish Library$bHMNTS$i6 (2004)
=852  41$aBritish Library$bHMNTS$jYF.2004.a.23949
=CAT  \\$a8496$b40$c20041118$lBLL01$h1112
=CAT  \\$a11002$b40$c20041129$lBLL01$h0810
=CAT  \\$aBATCH$b00$c20091217$lBLL01$h0334
=CAT  \\$aBATCH-UPD$b00$c20110211$lBLL01$h2111
=FIN  \\$aY
=SID  \\$aZ39$bRLG
=LAS  \\$aBATCH-UPD$b00$c20110211$lBLL01$h2111

