=LDR  01842cam a2200505 a 4500
=001  013041758
=003  Uk
=005  20230420165311.0
=008  040329s2004\\\\it\a\\\\\\\\\\001\0\ita\d
=FMT  \\$a  BK
=020  \\$a8882123588
=035  \\$a(NNU)NYUb12897491
=035  \\$a(NYU)NYUb12897491
=040  \\$aItFiC$beng$cItFiC$dUk
=043  \\$ae-it
=050  \4$aPQ4086$b.C37 2004
=082  14$a850$212
=100  1\$aCarli, Alberto,$d1974-
=245  10$aAnatomie scapigliate :$bl'estetica della morte tra letteratura, arte e scienza /$cAlberto Carli ; prefazione di Giuseppe Langella.
=246  10$aAlberto Carli ; prefazione di Giuseppe Langella.
=260  \\$aNovara :$bInterlinea,$c2004.
=300  \\$a239 p. :$bill. ;$c21 cm.
=336  \\$atext$2rdacontent
=337  \\$aunmediated$2rdamedia
=338  \\$avolume$2rdacarrier
=490  1\$aBiblioteca letteraria dell'Italia unita ;$v7
=500  \\$aCollected essays, partly already publ. and now revised.
=500  \\$aContains bibliographical references, notes and name index.
=504  \\$aIncludes bibliographical references.
=610  20$aScapigliatura (Group)
=650  \0$aDeath in literature.
=650  \0$aItalian literature$y19th century$xHistory and criticism.
=830  \0$aBiblioteca letteraria dell'Italia unita ;$v7.
=852  41$aBritish Library$bHMNTS$i7 (2004)
=852  41$aBritish Library$bHMNTS$jYF.2004.a.23943
=CAT  \\$a8496$b40$c20041118$lBLL01$h1122
=CAT  \\$a11002$b40$c20041129$lBLL01$h0753
=CAT  \\$aBATCH$b00$c20091217$lBLL01$h0334
=CAT  \\$aBATCH-UPD$b00$c20100115$lBLL01$h2114
=CAT  \\$aBATCH-UPD$b00$c20100115$lBLL01$h2115
=CAT  \\$aBATCH-UPD$b00$c20151002$lBLL01$h2048
=CAT  \\$a14185$b40$c20230420$lBLL01$h1653
=FIN  \\$aY
=SID  \\$aZ39$bRLG
=LAS  \\$a14185$b40$c20230420$lBLL01$h1653

