=LDR  02009cam a2200517 a 4500
=001  013050733
=003  Uk
=005  20221231210310.0
=008  030915s2003\\\\it\ab\\\\b\\\\001\0\eng\\
=FMT  \\$a  BK
=010  \\$a  2003380986
=020  \\$a8882652475
=035  \\$a(ItFiC)it03910548
=040  \\$aDLC$cDLC$dDLC$dUk
=042  \\$aukblsr
=050  00$aQE475.M3$bA87 2003
=082  00$a552.4$222
=100  1\$aAttanasio, Donato.
=245  10$aAncient white marbles :$banalysis and identification by paramagnetic resonance spectroscopy /$cDonato Attanasio.
=260  \\$a[Roma] :$b"Erma" di Bretschneider,$c[c2003].
=300  \\$a283 p. :$bill. (some col.), maps ;$c25 cm. +$e1 CD-ROM (3 1/4 in.)
=336  \\$atext$2rdacontent
=337  \\$aunmediated$2rdamedia
=338  \\$avolume$2rdacarrier
=490  1\$aStudia archaeologica ;$v122
=504  \\$aIncludes bibliographical references (p. 245-257) and index.
=540  \\$aCurrent Copyright Fee: GBP25.00$c0$5Uk
=650  \0$aMarble$xComposition.
=650  \0$aElectron paramagnetic resonance spectroscopy.
=830  \0$aStudia archaeologica ("Erma" di Bretschneider) ;$v122.
=852  41$aBritish Library$bHMNTS$mYD.2004.a.1094
=852  41$aBritish Library$bDSC$j8482.365050$iVolume 122(2003)
=CAT  \\$a4861$b40$c20041129$lBLL01$h1308
=CAT  \\$a9523$b40$c20050208$lBLL01$h1200
=CAT  \\$aBATCH-CLA$b00$c20200128$lBLL01$h0529
=CAT  \\$aBATCH-CLA$b00$c20201204$lBLL01$h1533
=CAT  \\$aIPL-CLA$c20201231$lBLL01$h2156
=CAT  \\$aBATCH-CLA$b00$c20221221$lBLL01$h1842
=CAT  \\$aIPL-CLA$c20221231$lBLL01$h2103
=CFI  0\$aCurrent Copyright Fee: GBP25.00$c0$e01-jan-2023$fGBP25.00$g0$hA$5Uk
=CFI  2\$aPrevious Copyright Fee: GBP22.50$c0$e01-jan-2021$fGBP22.50$g0$hA$5Uk
=FIN  \\$aY$d20050208
=SRC  \\$aBLL02$bpart.2.aj
=TCO  \\$aITA$bAIDRO / SIAE$c008
=ACF  \\$aPrevious Copyright Fee: GBP20.00$c0$e01-jan-2020$fGBP20.00$g0$hA$5Uk
=LAS  \\$aIPL-CLA$b00$c20221231$lBLL01$h2103

