=LDR  01523cam a2200457 a 4500
=001  013052575
=003  Uk
=005  20081202165155.0
=008  041129s2004\\\\at\\\\\\\d\\\\000\0\eng\\
=FMT  \\$a  BK
=015  \\$aGBA485713$2bnb
=016  7\$a013052575$2Uk
=020  \\$a0195517962 (cased) :$cNo price
=020  \\$a0195517970 (thumb index ed.) :$cNo price
=020  \\$a0195553047 (special ed.) :$cNo price
=040  \\$aStDuBDS$beng$cStDuBDS$dUk
=042  \\$aukblsr
=082  04$a423$222
=245  04$aThe Australian Oxford dictionary /$cedited by Bruce Moore.
=250  \\$a2nd ed.
=260  \\$aSouth Melbourne, Vic. ;$aOxford :$bOxford University Press,$c2004.
=300  \\$axvii, 1538 p. ;$c28 cm.
=336  \\$atext$2rdacontent
=337  \\$aunmediated$2rdamedia
=338  \\$avolume$2rdacarrier
=500  \\$aPrevious ed.: 1999.
=500  \\$aFormerly CIP.$5Uk
=650  \0$aEnglish language$zAustralia$vDictionaries.
=700  1\$aMoore, Bruce,$d1947-
=852  41$aBritish Library$bHMNTS$jYC.2006.b.2929
=852  41$aBritish Library$bHMNTS$kHLR$h427.994
=CAT  \\$aBATCH$b00$c20041130$lBLL01$h1703
=CAT  \\$c20041130$lBLL01$h1704
=CAT  \\$c20041130$lBLL01$h1707
=CAT  \\$a5751$b40$c20061115$lBLL01$h1550
=CAT  \\$a9678$b40$c20081103$lBLL01$h1051
=CAT  \\$a5375$b40$c20081202$lBLL01$h1651
=CAT  \\$aWR16_021$c20160610$lBLL01$h2005
=CAT  \\$aW2308-1659$c20230923$lBLL01$h0912
=FIN  \\$aY$d20061115
=LAS  \\$aW2308-1659$b00$c20230923$lBLL01$h0912

