=LDR  03166cam a2200721 a 4500
=001  013062080
=003  Uk
=005  20221231210336.0
=008  040616s2004\\\\pau\\\\\\b\\\\001\0\eng\\
=FMT  \\$a  BK
=010  \\$a2004055092  
=016  7\$a013062080$2Uk
=020  \\$a9027245959 (Eur.) (cased) :$cNo price
=020  \\$a9027245967 (Eur.) (pbk.) :$cNo price
=020  \\$a1588115607 (U.S.) (cased) :$cNo price
=020  \\$a1588115615 (U.S.) (pbk.) :$cNo price
=040  \\$aDLC$cDLC$dDLC$dUk
=050  00$aP107$b.F668 2004
=082  00$a401$222
=100  10$aFormigari, Lia,$d1931-
=245  12$aA history of language philosophies /$cLia Formigari ; translated by Gabriel Poole.
=260  \\$aAmsterdam/Philadelphia :$bJohn Benjamins Pub.,$cc2004.
=300  \\$ax, 250 p. ;$c23 cm.
=336  \\$atext$2rdacontent
=337  \\$aunmediated$2rdamedia
=338  \\$avolume$2rdacarrier
=490  1\$aAmsterdam studies in the theory and history of linguistic science. Series III, Studies in the history of the language sciences,$x0304-0720 ;$vv. 105
=504  \\$aIncludes bibliographical references (p. [207]-236) and indexes.
=540  \\$aCurrent Copyright Fee: GBP25.00$c0$5Uk
=650  \0$aLanguage and languages$xPhilosophy$xHistory.
=830  \0$aAmsterdam studies in the theory and history of linguistic science.$nSeries III,$pStudies in the history of the language sciences,$x0304-0720 ;$vv. 105
=852  41$aBritish Library$bHMNTS$iVolume 105(2004)
=852  41$aBritish Library$bHMNTS$jX.0900/436c(105)
=852  41$aBritish Library$bDSC$j0859.603000$iVolume 105(2004)
=CAT  \\$a8496$b40$c20041213$lBLL01$h1057
=CAT  \\$a12324$b40$c20050301$lBLL01$h0941
=CAT  \\$a7153$b40$c20050308$lBLL01$h1258
=CAT  \\$aBATCH$b00$c20091217$lBLL01$h0336
=CAT  \\$aBATCH-UPD$b00$c20141015$lBLL01$h1851
=CAT  \\$aBATCH-CLA$b00$c20150701$lBLL01$h0234
=CAT  \\$aWR16_021$c20160610$lBLL01$h2006
=CAT  \\$aBATCH-CLA$b00$c20160611$lBLL01$h0141
=CAT  \\$aBATCH-CLA$b00$c20161222$lBLL01$h1804
=CAT  \\$aIPL-CLA$c20161230$lBLL01$h2133
=CAT  \\$aBATCH-CLA$b00$c20171222$lBLL01$h2126
=CAT  \\$aIPL-CLA$c20171231$lBLL01$h1638
=CAT  \\$aBATCH-CLA$b00$c20191219$lBLL01$h1732
=CAT  \\$aIPL-CLA$c20191231$lBLL01$h1931
=CAT  \\$aR2001-1524$c20200127$lBLL01$h2008
=CAT  \\$aBATCH-CLA$b00$c20200128$lBLL01$h0427
=CAT  \\$aBATCH-CLA$b00$c20201204$lBLL01$h1533
=CAT  \\$aIPL-CLA$c20201231$lBLL01$h2156
=CAT  \\$aBATCH-CLA$b00$c20221221$lBLL01$h1842
=CAT  \\$aIPL-CLA$c20221231$lBLL01$h2103
=CFI  0\$aCurrent Copyright Fee: GBP25.00$c0$e01-jan-2023$fGBP25.00$g0$hA$5Uk
=CFI  2\$aPrevious Copyright Fee: GBP22.50$c0$e01-jan-2021$fGBP22.50$g0$hA$5Uk
=FIN  \\$aY$d20050308
=SRC  \\$aBLL02
=TCO  \\$aNLD$bSTICHTING REPRORECHT$c008
=ACF  \\$aPrevious Copyright Fee: GBP12.30$c0$e01-jan-2014$fGBP12.30$g0$hA$5Uk
=ACF  \\$aPrevious Copyright Fee: GBP15.00$c0$e01-jan-2017$fGBP15.00$g0$hA$5Uk
=ACF  \\$aPrevious Copyright Fee: GBP20.00$c0$e01-jan-2020$fGBP20.00$g0$hA$5Uk
=LAS  \\$aIPL-CLA$b00$c20221231$lBLL01$h2103

