=LDR  01959cam a2200541 a 4500
=001  013064274
=003  Uk
=005  20220331222930.0
=008  040722s2005\\\\njua\\\\\b\\\\001\0\eng\\
=FMT  \\$a  BK
=010  \\$a2004053459
=015  \\$aGBA489629$2bnb
=016  7\$a013064274$2Uk
=020  \\$a0471699764 (cased) :$c£58.95
=040  \\$aStDuBDS$dUk
=042  \\$aukblsr
=050  00$aT174.7$b.T48 2005
=082  00$a620.5$222
=100  1\$aTheodore, Louis.
=245  10$aNanotechnology :$benvironmental implications and solutions /$cLouis Theodore, Robert G. Kunz ; foreword: Rita D'Aquino ; section 1.3 contributor: Adrian Calderone ; chapter 2 contributor: Suzanne A. Shelley.
=260  \\$aHoboken ;$a[Chichester] :$bWiley-Interscience,$cc2005.
=300  \\$axvi, 378 p. :$bill. ;$c25 cm.
=336  \\$atext$2rdacontent
=337  \\$aunmediated$2rdamedia
=338  \\$avolume$2rdacarrier
=504  \\$aIncludes bibliographical references and index.
=500  \\$aFormerly CIP.$5Uk
=540  \\$aCurrent Copyright Fee: GBP32.00$c0$5Uk
=650  \0$aNanotechnology.
=650  \0$aNanotechnology$xEnvironmental aspects.
=700  1\$aKunz, Robert G.
=852  41$aBritish Library$bDSC$jm05/.20515
=852  11$aBritish Library$bSTI$k620.5
=CAT  \\$aBATCH$b00$c20041214$lBLL01$h1703
=CAT  \\$c20050404$lBLL01$h1540
=CAT  \\$c20050404$lBLL01$h1541
=CAT  \\$a9657$b40$c20050504$lBLL01$h1132
=CAT  \\$a12327$b40$c20050511$lBLL01$h0942
=CAT  \\$a9657$b40$c20050517$lBLL01$h0949
=CAT  \\$a12179$b40$c20050518$lBLL01$h1226
=CAT  \\$aWR16_021$c20160610$lBLL01$h2007
=CAT  \\$aBATCH-CLAB$c20220330$lBLL01$h1657
=CAT  \\$aIPL-CLA$c20220331$lBLL01$h2229
=CAT  \\$aW2308-1659$c20230923$lBLL01$h0913
=CFI  0\$aCurrent Copyright Fee: GBP32.00$c0$e01-apr-2022$fGBP32.00$g0$hC$5Uk
=FIN  \\$aY$d20050504
=SID  \\$aZ39$bLOC
=LAS  \\$aW2308-1659$b00$c20230923$lBLL01$h0913

