=LDR  01696cam a2200505 a 4500
=001  013070318
=003  Uk
=005  20050523154921.0
=008  041220s2005\\\\enk\\\\\\b\\\\001\0\eng\\
=FMT  \\$a  BK
=015  \\$aGBA492021$2bnb
=016  7\$a013070318$2Uk
=020  \\$a1903855586 (pbk.) :$c£13.95
=040  \\$aStDuBDS$dUk
=042  \\$aukblsr
=082  04$a362.10941$222
=100  1\$aThompson, Neil,$d1955-
=245  10$aCommunity care /$cNeil Thompson and Sue Thompson.
=260  \\$aLyme Regis :$bRussell House,$c2005.
=300  \\$a128 p. ;$c22 cm.
=336  \\$atext$2rdacontent
=337  \\$aunmediated$2rdamedia
=338  \\$avolume$2rdacarrier
=490  1\$aTheory into practice
=504  \\$aIncludes bibliographical references and index.
=500  \\$aFormerly CIP.$5Uk
=650  \0$aCommunity health services$zGreat Britain.
=650  \0$aCommunity-based social services$zGreat Britain.
=690  7\$aSocial Welfare$2blcoll
=700  1\$aThompson, Sue,$cMA.
=830  \0$aTheory into practice (Urbana, Ill.)
=852  41$aBritish Library$bHMNTS$jYC.2009.a.13418
=852  41$aBritish Library$bHMNTS$mSPIS362.10941
=CAT  \\$aBATCH$b00$c20041221$lBLL01$h1706
=CAT  \\$c20041221$lBLL01$h1707
=CAT  \\$c20041221$lBLL01$h1711
=CAT  \\$a12179$b40$c20050523$lBLL01$h1549
=CAT  \\$aBATCH$b00$c20091217$lBLL01$h0337
=CAT  \\$aBATCH$b00$c20110625$lBLL01$h0511
=CAT  \\$aBATCH-SWP4$c20110627$lBLL01$h1553
=CAT  \\$aBATCH-UPD$b00$c20120601$lBLL01$h2027
=CAT  \\$aWR16_021$c20160610$lBLL01$h2008
=CAT  \\$aW2308-1659$c20230923$lBLL01$h0914
=FIN  \\$aY$d20050523
=LAS  \\$aW2308-1659$b00$c20230923$lBLL01$h0914

