=LDR  02009pam a2200565 a 4500
=001  013073706
=003  Uk
=005  20080117084535.0
=008  050621s2005\\\\stk\\\\\\d\\\\000\0\eng\c
=FMT  \\$a  BK
=015  \\$aGBA500283$2bnb
=016  7\$a013073706$2Uk
=020  \\$a0007183747 (U.K. : cased) :$c£30.00
=020  \\$a8425339405 (Spain) :$cNo price
=020  \\$a0060748966 (U.S.) :$cNo price
=035  \\$a(StEdNL)3759223
=040  \\$aStDuBDS$dStEdNL$dUk
=041  0\$aeng$aspa
=042  \\$aukscp
=082  04$a463.21$222
=245  00$aCollins diccionario inglés :$bCollins Spanish dictionary /$c[general editor, Jeremy Butterfield ; senior contributors, Fernando León Solís ... [et al.]].
=246  14$aCollins Spanish dictionary :$bcomplete & unabridged
=246  30$aDiccionario inglés
=246  30$aSpanish dictionary
=250  \\$a8th ed.
=260  \\$aGlasgow :$bHarperCollins,$c2005.
=300  \\$a1 v. (various pagings) ;$c27 cm.
=336  \\$atext$2rdacontent
=337  \\$aunmediated$2rdamedia
=338  \\$avolume$2rdacarrier
=500  \\$aFormerly CIP.$5Uk
=650  \0$aEnglish language$vDictionaries$xSpanish.
=650  \0$aSpanish language$vDictionaries$xEnglish.
=700  1\$aButterfield, Jeremy,$d1951-
=700  1\$aSolís, Fernando León.
=852  41$aBritish Library$bHMNTS$jYC.2008.b.808
=852  41$aBritish Library$bHMNTS$jYD.2017.b.306
=852  41$aBritish Library$bDSC$jQ463.21
=852  41$aBritish Library$bHMNTS$cSPHOA$kHUD$mSPA
=CAT  \\$aBATCH$b00$c20050405$lBLL01$h1708
=CAT  \\$aBATCH$b00$c20050629$lBLL01$h1038
=CAT  \\$c20050629$lBLL01$h1050
=CAT  \\$aBATCH$b00$c20050629$lBLL01$h1050
=CAT  \\$a12325$b40$c20050818$lBLL01$h1341
=CAT  \\$a6632$b40$c20050826$lBLL01$h1633
=CAT  \\$a6632$b40$c20050826$lBLL01$h1652
=CAT  \\$a12179$b40$c20080117$lBLL01$h0845
=CAT  \\$aWR16_021$c20160610$lBLL01$h2008
=FIN  \\$aY$d20050826
=LAS  \\$aWR16_021$b00$c20160610$lBLL01$h2008

