=LDR  01926 am a2200457 a 4500
=001  013075657
=003  Uk
=005  20051026110519.0
=008  050105s2005\\\\enka\\\\\\\\\\000\0\eng\\
=FMT  \\$a  BK
=015  \\$aGBA589921$2bnb
=020  \\$cNo price
=040  \\$aUk$beng$cUk
=042  \\$aukblsr
=082  04$a387.25021841$222
=110  2\$aLloyd's Register of Shipping (Firm : 1914- )
=245  10$aRules and regulations for the classification of naval ships.
=260  \\$aLondon :$bLloyd's Register,$c2005.
=300  \\$a6 v. :$bill. ;$c30 cm. +$e1 CD-ROM.
=336  \\$atext$2rdacontent
=337  \\$aunmediated$2rdamedia
=338  \\$avolume$2rdacarrier
=500  \\$aIn slip cases.
=505  0\$av. 1, pt. 1. Regulations -- [v. 1, pt. 2]. Rules for the manufacture, testing and cerification of materials -- v. 1, pts. 3-6. Ship structures -- v. 1, pt. 7. Enhanced structural assessment (provisional) -- v. 2, pts. 1-11. Machinery and engineering systems -- v. 3, pts. 1-3. Additional optional requirements.
=650  \0$aShipping$xStandards$zGreat Britain.
=650  \0$aWarships$xStandards$zGreat Britain.
=852  41$aBritish Library$bDSC$jVm05/.50671$ivol. 1, pt. 1
=852  41$aBritish Library$bDSC$ivol. 1, pt. 2
=852  41$aBritish Library$bDSC$jVm05/.50672$ivol. 1, pts. 3-6
=852  41$aBritish Library$bDSC$jVm05/.50673$ivol. 1, pt. 7
=852  41$aBritish Library$bDSC$jVm05/.50674$ivol. 2, pts. 1-11
=852  41$aBritish Library$bDSC$jVm05/.50675$ivol. 3, pts. 1-3
=852  41$aBritish Library$bDSC$jVm05/.50676$iCD-ROM
=CAT  \\$a6741$b40$c20050105$lBLL01$h1419
=CAT  \\$a4861$b40$c20051021$lBLL01$h1605
=CAT  \\$a11250$b40$c20051025$lBLL01$h1045
=CAT  \\$a11250$b40$c20051025$lBLL01$h1113
=CAT  \\$a11250$b40$c20051025$lBLL01$h1118
=CAT  \\$a9572$b40$c20051026$lBLL01$h1105
=FIN  \\$aY$d20051025
=LAS  \\$a9572$b40$c20051026$lBLL01$h1105

