=LDR  02689 am a2200637 a 4500
=001  013097532
=003  Uk
=005  20100827133948.0
=008  041008m20042007nz\a\\\\\b\\\\001\0\mao\d
=FMT  \\$a  BK
=015  \\$aGBA604729$2bnb
=016  7\$a013097532$2Uk
=020  \\$a1869403215 (pt. 1) :
=020  \\$a1869403444 (pt. 2) :
=020  \\$a9781869403669 (pt. 3) :
=020  \\$a1869403665 (pt. 3) :
=020  \\$a9781869403867 (pt. 4)
=040  \\$aTEF$cTEF$dOCLCQ$dOCL$dBAKER$dUk
=041  1\$amao$aeng$hmao
=042  \\$aukblsr
=050  \4$aPL6465.Z77$bN43 2004
=082  04$a782.421629944200268$222
=245  05$aNgā mōteatea :$bhe maramara rere nō ngā waka maha /$che mea kohikohi nā Sir Apirana Ngata = The songs : scattered pieces from many canoe areas / collected by Sir Apirana Ngata.
=246  31$aSongs
=260  \\$aAuckland :$bAuckland University Press,$c2004-2007.
=300  \\$av. :$bill. ;$c26 cm. +$e7 sound discs (digital ; 4 3/4 in.)
=336  \\$atext$2rdacontent
=337  \\$aunmediated$2rdamedia
=338  \\$avolume$2rdacarrier
=546  \\$aMāori words with parallel English translation.
=500  \\$aPt. IV has subtitle: he maramara whakarerenga nō ngā waka maha = remnants left behind from many canoe areas.
=500  \\$a"A selection of annotated tribal songs of the Māori with English translations"--Half t.p.
=500  \\$a"The publication of Part IV completes the new edition of all four volumes of Ngā mōteatea"--V. 4, p. vi.
=500  \\$aPrevious ed.: Wellington, N.Z. : Polynesian Society, 1959-1970. (Māori texts; no. 1-3).
=504  \\$aIncludes bibliographical references and index.
=650  \0$aSongs, Maori$vTexts.
=650  \0$aMaori (New Zealand people)$xMusic$vTexts.
=700  1\$aNgata, Apirana Turupa,$cSir,$d1874-1950.
=852  41$aBritish Library$bHMNTS$jYC.2007.a.5056$ipt. 3
=852  41$aBritish Library$bHMNTS$jEMD.2010.a.52$ipt. 4
=852  41$aBritish Library$bHMNTS$ipt. 1
=852  41$aBritish Library$bHMNTS$jEMC.2006.a.340$ipt. 2
=CAT  \\$a8479$b40$c20050131$lBLL01$h1426
=CAT  \\$a8479$b40$c20050131$lBLL01$h1432
=CAT  \\$a8479$b40$c20050131$lBLL01$h1433
=CAT  \\$a8479$b40$c20050131$lBLL01$h1436
=CAT  \\$a8479$b40$c20050131$lBLL01$h1437
=CAT  \\$a11250$b40$c20051207$lBLL01$h1457
=CAT  \\$a11250$b40$c20051207$lBLL01$h1504
=CAT  \\$a10876$b40$c20070319$lBLL01$h1124
=CAT  \\$aBATCH-UPD$b40$c20080929$lBLL01$h0218
=CAT  \\$a11250$b40$c20100827$lBLL01$h1339
=CAT  \\$aWR16_021$c20160611$lBLL01$h1940
=FIN  \\$aY$d20051207
=SID  \\$aZ39$bOCLC
=LAS  \\$aWR16_021$b00$c20160611$lBLL01$h1940

