=LDR  01370cam a22003857a 4500
=001  013097951
=003  Uk
=005  20050216115853.0
=008  050201s2004\\\\at\\\\\\\b\\\\001\0\eng\\
=FMT  \\$a  BK
=020  \\$a0855754656 (pbk.)
=040  \\$aUk$beng$cUk
=100  1\$aMoreton-Robinson, Aileen.
=245  10$aWhitening race :$bessays in social and cultural criticism /$cedited by Aileen Moreton-Robinson.
=260  \\$aCanberra :$bAboriginal Studies Press,$c2004.
=300  \\$axiv, 303 p. ;$c22 cm.
=336  \\$atext$2rdacontent
=337  \\$aunmediated$2rdamedia
=338  \\$avolume$2rdacarrier
=504  \\$aIncludes bibliographical references and index.
=650  \0$aWhite people$xRace identity$zAustralia.
=650  \0$aWhite people$zAustralia$xAttitudes.
=650  \0$aRace awareness$zAustralia.
=650  \0$aRace discrimination$zAustralia.
=650  \0$aRacism$zAustralia.
=852  41$aBritish Library$bOC$jYD.2006.a.10375
=852  41$aBritish Library$bHMNTS$iEdition 83(2004)
=852  41$aBritish Library$bHMNTS$jYD.2005.a.3013
=CAT  \\$a11326$b40$c20050201$lBLL01$h0844
=CAT  \\$a10938$b40$c20050211$lBLL01$h1147
=CAT  \\$a11070$b40$c20050216$lBLL01$h1158
=CAT  \\$a11249$b40$c20221018$lBLL01$h1541
=CAT  \\$a11249$b40$c20221019$lBLL01$h1136
=FIN  \\$aY$d20050211
=LAS  \\$a11249$b40$c20221019$lBLL01$h1136

