=LDR  03829 am a2200769 a 4500
=001  013109518
=003  Uk
=005  20080221121117.0
=008  030221s2001\\\\ko\b\\\\\s\\\\000\0\kor\\
=FMT  \\$a  BK
=040  \\$aHU$cHU$dCU$dUk
=041  0\$akor$aeng
=043  \\$aa-ko---
=245  00$a2000 inʾgu chutʿaek chʿong chosa pogosŏ =$b2000 population and housing census report.
=246  3\$aIchʿŏn inʾgu chutʿaek chʿong chosa pogosŏ
=246  30$aInʾgu chutʿaek chʿong chosa pogosŏ
=246  31$a2000 population and housing census report
=260  \\$aTaejŏn Kwangyŏksi :$bTʿonggyechʿŏng,$c2001.
=300  \\$av. :$bmaps ;$c27 cm.
=336  \\$atext$2rdacontent
=337  \\$aunmediated$2rdamedia
=338  \\$avolume$2rdacarrier
=546  \\$aText in Korean and English.
=505  0\$aChe-1 kwŏn. Chŏnʾguk pʿyŏn. 3-1. Inʾgu -- Che-1 kwŏn, 3-2. Kagu -- Che-1 kwŏn, 3-3. Chutʿaek -- Che-2 kwŏn. Si, To pʿyŏn. 16-1. Sŏul Tʿŭkpyŏlsi -- Che-2 kwŏn, 16-2. Pusan Kwangyŏksi -- Che-2 kwŏn, 16-3. Taegu Kwangyŏksi -- Che-2 kwŏn, 16-4. Inchʿŏn Kwangyŏksi -- Che-2 kwŏn, 16-5. Kwangju Kwangyŏksi -- Che-2 kwŏn, 16-6. Taejŏn Kwangyŏksi -- Che-2 kwŏn, 16-7. Ulsan Kwangyŏksi -- Che-2 kwŏn, 16-8 (2-1). Kyŏnggi-do -- Che-2 kwŏn, 16-8 (2-2). Kyŏnggi-do -- Che-2 kwŏn, 16-9. Kangwŏn-do -- Che-2 kwŏn, 16-10. Chʿungchʿŏng-pukto -- Che-2 kwŏn, 16-11. Chʿungchʿŏng-namdo -- Che-2 kwŏn, 16-12. Chŏlla-pukto -- Che-2 kwŏn, 16-13. Chŏlla-namdo -- Che-2 kwŏn, 16-14. Kyŏngsang-pukto -- Che-2 kwŏn, 16-15. Kyŏngsang-namdo -- Che-2 kwŏn, 16-16. Cheju-do.
=650  \0$aHousing$zKorea (South)$vStatistics.
=651  \0$aKorea (South)$xPopulation$vStatistics.
=651  \0$aKorea (South)$vCensus, 2000.
=710  1\$aKorea (South).$bT'onggyech'ŏng.
=852  41$aBritish Library$bHMNTS$jOPG.2005.x.1$ivol. 1
=852  41$aBritish Library$bHMNTS$ivol. 1
=852  41$aBritish Library$bHMNTS$ivol. 1
=852  41$aBritish Library$bHMNTS$ivol. 3
=852  41$aBritish Library$bHMNTS$ivol. 4
=852  41$aBritish Library$bHMNTS$ivol. 5
=852  41$aBritish Library$bHMNTS$ivol. 6
=852  41$aBritish Library$bHMNTS$ivol. 7
=852  41$aBritish Library$bHMNTS$ivol. 8
=852  41$aBritish Library$bHMNTS$ivol. 9
=852  41$aBritish Library$bHMNTS$ivol. 10
=852  41$aBritish Library$bHMNTS$ivol. 11
=852  41$aBritish Library$bHMNTS$ivol. 12
=852  41$aBritish Library$bHMNTS$ivol. 4
=852  41$aBritish Library$bHMNTS$ivol. 8
=852  41$aBritish Library$bHMNTS$jOPG.2005.x.$ivol. 2
=852  41$aBritish Library$bHMNTS$jOPG.2005.x.26$ivol. 2
=852  41$aBritish Library$bHMNTS$jOPG.2005.x.25$ivol. 2
=852  41$aBritish Library$bHMNTS$jOPG.2005.x.24$ivol. 2
=852  41$aBritish Library$bHMNTS$jOPG.2005.x.29$ivol. 2
=852  41$aBritish Library$bHMNTS$jOPG.2005.x.23$ivol. 2
=852  41$aBritish Library$bHMNTS$jOPG.2005.x.28$ivol. 2
=852  41$aBritish Library$bHMNTS$jOPG.2005.x.30$ivol. 2
=852  41$aBritish Library$bHMNTS$jYD.2021.b.72
=852  41$aBritish Library$bHMNTS$jYD.2021.b.73
=852  41$aBritish Library$bHMNTS$jYD.2021.b.74
=852  41$aBritish Library$bHMNTS$jYD.2021.b.76
=852  41$aBritish Library$bHMNTS$jYD.2021.b.75
=CAT  \\$a7907$b40$c20050211$lBLL01$h1430
=CAT  \\$a7907$b40$c20050211$lBLL01$h1444
=CAT  \\$a7907$b40$c20050224$lBLL01$h1646
=CAT  \\$a7907$b40$c20050224$lBLL01$h1656
=CAT  \\$a10746$b40$c20050617$lBLL01$h1209
=CAT  \\$a4039$b40$c20080221$lBLL01$h1211
=CAT  \\$aBATCH-UPD$b40$c20080927$lBLL01$h2010
=CAT  \\$aBATCH-UPD$b40$c20101016$lBLL01$h1818
=FIN  \\$aY$d20050211
=SID  \\$aZ39$bRLG
=LAS  \\$aBATCH-UPD$b40$c20101016$lBLL01$h1818

