=LDR  02543cam a2200637 a 4500
=001  013112232
=003  Uk
=005  20050810150510.0
=008  050128s2005\\\\nyu\\\\\\b\\\\001\0deng\\
=FMT  \\$a  BK
=015  \\$aGBA513442$2bnb
=016  7\$a013112232$2Uk
=020  \\$a0393060012 (set) :$c£110.00
=040  \\$aStDuBDS$dUk
=042  \\$aukblsr
=082  04$a973.923$222
=245  00$aLyndon B. Johnson, the Kennedy assassination, and the transfer of power, November 1963-January 1964.
=260  \\$aNew York ;$aLondon :$bW.W. Norton,$cc2005.
=300  \\$a3 v. :$c24 cm. +$e1 DVD-ROM
=336  \\$atext$2rdacontent
=337  \\$aunmediated$2rdamedia
=338  \\$avolume$2rdacarrier
=490  1\$aThe presidential recordings
=500  \\$aIn slipcase.
=504  \\$aIncludes bibliographical references and indexes.
=505  0\$av. 1. November 22-30, 1963 / edited by Max Holland -- v. 2. December 1963 / edited by Robert David Johnson and David Shreve -- v. 3. January 1964 / edited by Kent B. Germany and Robert David Johnson.
=500  \\$aFormerly CIP.$5Uk
=600  10$aJohnson, Lyndon B.$q(Lyndon Baines),$d1908-1973$vArchives.
=600  10$aKennedy, John F.$q(John Fitzgerald),$d1917-1963$xAssassination$vSources.
=650  \0$aPresidents$zUnited States$vArchives.
=651  \0$aUnited States$xPolitics and government$y1963-1969$vSources.
=651  \0$aUnited States$xPolitics and government$y1961-1963$vSources.
=700  1\$aHolland, Max.
=700  1\$aJohnson, Robert David,$d1967-
=700  1\$aShreve, David,$d1961-
=700  1\$aGermany, Kent B.,$d1971-
=710  2\$aWhite Burkett Miller Center.
=830  \0$aPresidential recordings.
=852  41$aBritish Library$bHMNTS$jEMC.2005.a.413
=852  41$aBritish Library$bHMNTS$ivol. 2
=852  41$aBritish Library$bHMNTS$ivol. 3
=CAT  \\$aBATCH$b00$c20050215$lBLL01$h1709
=CAT  \\$c20050215$lBLL01$h1740
=CAT  \\$a12324$b40$c20050805$lBLL01$h1636
=CAT  \\$a11317$b40$c20050809$lBLL01$h1142
=CAT  \\$a11317$b40$c20050809$lBLL01$h1143
=CAT  \\$a11317$b40$c20050809$lBLL01$h1149
=CAT  \\$a11249$b40$c20050810$lBLL01$h1505
=CAT  \\$aBATCH-UPD$b40$c20060818$lBLL01$h2129
=CAT  \\$aBATCH-UPD$b40$c20080829$lBLL01$h0013
=CAT  \\$aBATCH$b00$c20091217$lBLL01$h0342
=CAT  \\$aBATCH-UPD$b00$c20150215$lBLL01$h2056
=CAT  \\$aWR16_021$c20160611$lBLL01$h1943
=CAT  \\$aW2308-1659$c20230923$lBLL01$h0916
=FIN  \\$aY$d20050809
=LAS  \\$aW2308-1659$b00$c20230923$lBLL01$h0916

