=LDR  05791cam a2201129 a 4500
=001  013119201
=003  Uk
=005  20180703173001.0
=008  050125m20059999xxua\\\j\6\\\\000\1\eng\\
=FMT  \\$a  BK
=015  \\$aGBA516606$2bnb
=016  7\$a013119201$2Uk
=020  \\$a1845760360 (v. 1 : Titan : pbk.) :$c£10.99
=020  \\$a9781845762926 (v. 2 : Titan : pbk.) :$c£9.99
=020  \\$a1845762924 (v. 2 : Titan : pbk.) :$c£9.99
=020  \\$a9781401207908 (v. 2 : DC Comics : pbk.) :$cNo price
=020  \\$a1401207901 (v. 2 : DC Comics : pbk.) :$cNo price
=020  \\$a9781845764319 (v. 3 : Titan : pbk.) :$c£8.99
=020  \\$a1845764315 (v. 3 : Titan : pbk.) :$c£8.99
=020  \\$a9781401213473 (v. 3 : DC Comics : pbk.) :$cNo price
=020  \\$a1401213472 (v. 3 : DC Comics : pbk.) :$cNo price
=020  \\$a9781845766184 (v. 4 : Titan : pbk.) :$c£9.99
=020  \\$a1845766180 (v. 4 : Titan : pbk.) :$c£9.99
=020  \\$a9781845767198 (v. 5 : Titan : pbk.) :$c£9.99
=020  \\$a1845767195 (v. 5 : Titan : pbk.) :$c£9.99
=020  \\$a9781401216825 (v. 5 : DC Comics : pbk.) :$c£9.99
=020  \\$a9781845769635 (v. 6 : Titan : pbk.) :$c£9.99
=020  \\$a1845769635 (v. 6 : Titan : pbk.) :$c£9.99
=020  \\$a9781401219611 (v. 6 : DC Comics : pbk.) :$cNo price
=020  \\$a9781848561762 (v. 7 : Titan : pbk.) :$c£9.99
=020  \\$a1848561768 (v. 7 : Titan : pbk.) :$c£9.99
=020  \\$a9781848564473 (v. 8 : Titan : pbk.) :$c£10.99
=020  \\$a1848564473 (v. 8 : Titan : pbk.) :$c£10.99
=020  \\$a9781401224844 (v. 8 : DC Comics : pbk.)
=020  \\$a9781848566545 (v. 9 : Titan : pbk.) :$c£10.99
=020  \\$a1848566549 (v. 9 : Titan : pbk.) :$c£10.99
=020  \\$a9781401226459 (v. 9 : DC Comics : pbk.)
=020  \\$a9780857680143 (v. 10 : Titan : pbk.) :$c£10.99
=020  \\$a0857680145 (v. 10 : Titan : pbk.) :$c£10.99
=020  \\$a9781401228958 (v. 10 : DC Comics : pbk.)
=020  \\$a9781401237394 (v. 11 : DC Comics : pbk.) :$c£10.99
=020  \\$a1401237398 (v. 11 : DC Comics : pbk.) :$c£10.99
=040  \\$aStDuBDS$beng$cStDuBDS$dUk
=042  \\$aukblsr
=082  04$a741.5973$222
=100  1\$aFinger, Bill,$d1914-1974.
=245  10$aBatman chronicles /$cBatman created by Bob Kane ; all stories written by Bill Finger ; all covers and stories penciled by Bob Kane and inked by Jerry Robinson and George Roussos.
=260  \\$aNew York, N.Y. :$bDC Comics,$cc2005-
=300  \\$av. :$bchiefly col. ill. ;$c26 cm.
=336  \\$atext$2rdacontent
=337  \\$aunmediated$2rdamedia
=338  \\$avolume$2rdacarrier
=500  \\$aDescription based on: Vol. 3, published 2007.
=500  \\$aWriters and artists vary on later volumes.
=500  \\$a"All the Batman stories in the exact order they were published"--Cover.
=500  \\$a"Originally published in single magazine form"--T.p. verso.
=505  1\$av. 2. Batman 2-3, Detective comics 39-45, New York World's Fair 1940 -- v. 3. Batman 4-5, Detective comics 46-50 and World's best comics 1, copyright 1940-1941 -- v. 4. Batman 6-7, Detective comics 51-56 and World's finest comics 2-3, copyright 1941 -- v. 5. Batman 8-9, Detective comics 57-61, and World's finest comics 4, copyright 1941 -- v. 6. Batman 10-11, Detective comics 62-65, and World's finest comics 5 and 6, copyright 1941 -- v. 7. Batman 12-13, Detective comics 66-70, and World's finest comic 7, copyright 1942 -- v. 8. Batman 14-15, Detective comics 71-74, and World's finest comics 8-9, copyright 1942, 1943 -- v. 9. Batman 16-17, Detective comics 75-77, and World's finest comics 10 -- v. 10. Batman 18-19, Detective comics 78-81, and World's finest comics 11, copyright 1943 -- v. 11. Batman 20-21, Detective Comics 82-85, and World's finest comics 12.
=500  \\$aFormerly CIP.$5Uk
=600  00$aBatman$c(Fictitious character)$vComic books, strips, etc.$vFiction.
=650  \0$aScience fiction comic books, strips, etc.
=700  1\$aKane, Bob.
=700  1\$aCameron, Don.
=700  1\$aBurnley, Jack.
=700  1\$aSprang, Dick,$d1915-2000.
=852  41$aBritish Library$bHMNTS$jYK.2013.b.3651$ivol. 11
=852  41$aBritish Library$bHMNTS$jYK.2010.b.6021$ivol. 9
=852  41$aBritish Library$bHMNTS$jYK.2009.b.6105$ivol. 7
=852  41$aBritish Library$bHMNTS$jYK.2010.b.3188$ivol. 8
=852  41$aBritish Library$bHMNTS$jYK.2009.b.3316$ivol. 6
=852  41$aBritish Library$bHMNTS$jYK.2008.b.5945$ivol. 5
=852  41$aBritish Library$bHMNTS$ivol. 2
=852  41$aBritish Library$bHMNTS$jYK.2007.b.5027$ivol. 3
=852  41$aBritish Library$bHMNTS$ivol. 4
=852  41$aBritish Library$bHMNTS$jYK.2011.b.1555$ivol. 10
=CAT  \\$aBATCH$b00$c20050222$lBLL01$h1707
=CAT  \\$c20050222$lBLL01$h1709
=CAT  \\$c20050222$lBLL01$h1723
=CAT  \\$a11317$b40$c20071025$lBLL01$h0843
=CAT  \\$a11317$b40$c20071025$lBLL01$h0844
=CAT  \\$a11317$b40$c20080320$lBLL01$h0905
=CAT  \\$a6923$b40$c20081021$lBLL01$h1140
=CAT  \\$a11317$b40$c20081022$lBLL01$h1209
=CAT  \\$a11317$b40$c20081201$lBLL01$h1603
=CAT  \\$a11317$b40$c20090505$lBLL01$h1105
=CAT  \\$a11317$b40$c20090904$lBLL01$h1320
=CAT  \\$a11317$b40$c20100224$lBLL01$h1327
=CAT  \\$a6923$b40$c20100518$lBLL01$h1328
=CAT  \\$a11317$b40$c20100520$lBLL01$h1601
=CAT  \\$a11317$b40$c20100520$lBLL01$h1602
=CAT  \\$a11317$b40$c20110131$lBLL01$h1318
=CAT  \\$a11317$b40$c20130326$lBLL01$h1444
=CAT  \\$aWR16_021$c20160611$lBLL01$h1945
=CAT  \\$a5194$b40$c20160927$lBLL01$h1127
=CAT  \\$aW1806-2088$c20180703$lBLL01$h1730
=CAT  \\$aW2308-1659$c20230923$lBLL01$h0917
=FIN  \\$aY$d20071025
=LAS  \\$aW2308-1659$b00$c20230923$lBLL01$h0917

