=LDR  01786 am a2200469 a 4500
=001  013121810
=003  Uk
=005  20060321133625.0
=008  050225s2005\\\\xxu\\\\\\b\\\\000\0\eng\\
=FMT  \\$a  BK
=015  \\$aGBA633082$2bnb
=016  7\$a013121810$2Uk
=020  \\$a039392551X (v. 1 : pbk.) :$cNo price
=020  \\$a0393925528 (v. 2 : pbk.) :$cNo price
=040  \\$aUk$beng$cUk
=042  \\$aukblsr
=082  04$a973$222
=100  10$aAdams, Valerie.
=245  10$aEric Foner, Give me liberty! : an American history.$pInstructor's manual and test bank /$cby Valerie Adams.
=246  14$aInstructor's manual and test bank for Eric Foner's Give me liberty! an American history
=260  \\$aNew York ;$aLondon :$bW.W. Norton,$cc2005.
=300  \\$a2 v. ;$c23 cm.
=336  \\$atext$2rdacontent
=337  \\$aunmediated$2rdamedia
=338  \\$avolume$2rdacarrier
=504  \\$aIncludes bibliographical references.
=651  \0$aUnited States$xHistory$vProblems, exercises, etc.
=651  \0$aUnited States$xHistory$xStudy and teaching.
=650  \0$aDemocracy$zUnited States$xHistory$vProblems, exercises, etc.
=650  \0$aDemocracy$zUnited States$xHistory$xStudy and teaching.
=700  1\$aFoner, Eric,$d1943-$tGive me liberty!.
=852  41$aBritish Library$bHMNTS$ivol. 1
=852  41$aBritish Library$bHMNTS$jYC.2006.a.7482$ivol. 2
=CAT  \\$a10775$b40$c20050225$lBLL01$h1610
=CAT  \\$a10775$b40$c20050225$lBLL01$h1611
=CAT  \\$a10775$b40$c20050225$lBLL01$h1624
=CAT  \\$a11317$b40$c20060321$lBLL01$h1336
=CAT  \\$aBATCH-UPD$b40$c20140508$lBLL01$h2100
=CAT  \\$aWR16_021$c20160611$lBLL01$h1945
=CAT  \\$aBATCH-UPD$b00$c20160611$lBLL01$h2044
=FIN  \\$aY$d20060321
=LAS  \\$aBATCH-UPD$b00$c20160611$lBLL01$h2044

