=LDR  02457cam a2200637 a 4500
=001  013124984
=003  Uk
=005  20120202105810.0
=008  050221s2005\\\\enka\\\\\\\\\|001\0\eng\\
=FMT  \\$a  BK
=015  \\$aGBA518788$2bnb
=016  7\$a013124984$2Uk
=020  \\$a0750665858 (Exam practice kit : pbk.)
=020  \\$a0750664797 (Revision cards : spiral)
=020  \\$a0750667079 (Study system : unbound)
=040  \\$aStDuBDS$beng$cStDuBDS$dUk
=042  \\$aukblsr
=082  04$a346.4207076$223
=100  1\$aSagar, David.
=245  10$aCIMA certificate level.$nC5,$pBusiness law.
=246  30$aBusiness law
=250  \\$a2005/06 ed.
=260  \\$aOxford :$bElsevier,$c2005.
=300  \\$a3 v. :$bill. ;$c15-32 cm.
=336  \\$atext$2rdacontent
=337  \\$aunmediated$2rdamedia
=338  \\$avolume$2rdacarrier
=500  \\$a"Revised edition relevant for 2005/2006 computer based assessment"--Cover of Study system in ringbinder.
=505  0\$aExam practice kit / Brian Benton -- Revision cards / David Sagar -- Study system / David Sagar, Larry Mead.
=500  \\$aIncludes index.
=500  \\$aFormerly CIP.$5Uk
=610  20$aChartered Institute of Management Accountants$xExaminations.
=650  \0$aBusiness law$zEngland$vExaminations, questions, etc.
=650  \0$aBusiness law$zEngland$vProblems, exercises, etc.
=650  \0$aBusiness law$zEngland$xExaminations$vStudy guides.
=650  \0$aBusiness law$zWales$vExaminations, questions, etc.
=650  \0$aBusiness law$zWales$vProblems, exercises, etc.
=650  \0$aBusiness law$zWales$xExaminations$vStudy guides.
=700  1\$aMead, Larry.
=700  1\$aBenton, Brian.
=852  41$aBritish Library$bHMNTS$jYK.2012.b.545$iexam practice kit
=852  41$aBritish Library$bHMNTS$istudy system
=852  41$aBritish Library$bHMNTS$jYC.2006.a.9629$irevision cards
=CAT  \\$aBATCH$b00$c20050302$lBLL01$h1208
=CAT  \\$c20050302$lBLL01$h1210
=CAT  \\$c20050302$lBLL01$h1224
=CAT  \\$a10876$b40$c20060223$lBLL01$h1136
=CAT  \\$aBATCH$b00$c20090110$lBLL01$h1727
=CAT  \\$a6989$b40$c20111201$lBLL01$h1412
=CAT  \\$a6989$b40$c20111206$lBLL01$h1002
=CAT  \\$a11244$b40$c20111212$lBLL01$h1524
=CAT  \\$a6989$b40$c20120202$lBLL01$h1058
=CAT  \\$aWR16_021$c20160611$lBLL01$h1946
=CAT  \\$aW2308-1659$c20230923$lBLL01$h0917
=FIN  \\$aY$d20111201
=LAS  \\$aW2308-1659$b00$c20230923$lBLL01$h0917

