=LDR  03022 cm a2200745 a 4500
=001  013128505
=003  Uk
=005  20071214121707.0
=008  050308s2004\\\\gw\||a\||||||||n||||zxx\\
=FMT  \\$a  MU
=015  \\$aGBA522213$2bnb
=016  \\$a013128505
=019  m\$aM08560872
=020  \\$a3761816669
=039  0\$a0702
=040  \\$aUk$beng$cUk
=041  0\$aeng$ager
=082  04$a784.21858$222
=100  1\$aHandel, George Frideric,$d1685-1759.
=245  14$aThe Music for the Royal Fireworks = Feuerwerksmusik :$bHWV 351, Concerti HWV 335a & 335b - British Library Manuscript R.M.20.g.7, facsimile /$cGeorg Friedrich Händel ; introduction and commentary by Christopher Hogwood = eingeleitet und kommentiert von Christopher Hogwood.
=246  31$aFeuerwerkmusik.
=260  \\$aKassel ; London :$bBärenreiter,$c2004.
=300  \\$a1 score (96 p.) :$bill. ;$c34 cm.
=336  \\$anotated music$2rdacontent
=337  \\$aunmediated$2rdamedia
=338  \\$avolume$2rdacarrier
=490  1\$aDocumenta musicologica. 2. Reihe, Handschriften-Faksimiles.$v32,
=590  \\$aFacsim. of Mss.
=504  \\$aIncludes bibliographical references.
=546  \\$aText in English and German.
=600  10$aHandel, George Frideric,$d1685-1759.$tFirework music$vFacsimiles.
=600  10$aHandel, George Frideric,$d1685-1759.$tFirework music$vCommentaries.
=650  \0$aMusic$vManuscripts$vFacsimiles
=700  1\$aHogwood, Christopher.
=886  2\$2local/ucm2008$a020$b##$a3761816669
=886  \\$2blmarc$a945$aWorks, Selections, Facsim
=830  \0$aDocumenta musicologica.$n2. Reihe,$pHandschriften-Faksimiles ;$v32,.
=852  41$aBritish Library$bMUSIC$jh.436.o.
=852  \\$aBritish Library$bHMNTS$cSPHOA$hh.436.o.*
=852  41$aBritish Library$bDSC$cMUSIC$jH06/6498
=852  \\$aBritish Library$bMUSIC$cREF$jM.R.Ref. 789 HAN
=852  41$aBritish Library$bHMNTS$jWP.11059.b/32
=CAT  \\$a12328$b40$c20050308$lBLL01$h0912
=CAT  \\$a12328$b40$c20050308$lBLL01$h0913
=CAT  \\$a11070$b40$c20050311$lBLL01$h1227
=CAT  \\$a11070$b40$c20050311$lBLL01$h1234
=CAT  \\$a11696$b40$c20061120$lBLL01$h1244
=CAT  \\$a11696$b40$c20061121$lBLL01$h1135
=CAT  \\$a11696$b40$c20061123$lBLL01$h1151
=CAT  \\$aBATCH-UPD$b40$c20061228$lBLL01$h2359
=CAT  \\$aBATCH-UPD$b40$c20070605$lBLL01$h1119
=CAT  \\$a11696$b40$c20071030$lBLL01$h1008
=CAT  \\$a11696$b40$c20071214$lBLL01$h1217
=CAT  \\$aBATCH-UCMM$b00$c20090327$lBLL01$h1950
=CAT  \\$aBATCH$b00$c20090329$lBLL01$h1116
=CAT  \\$c20090626$lBLL01$h1501
=CAT  \\$aBATCH-UPD$b00$c20090626$lBLL01$h1507
=CAT  \\$aBATCH$b00$c20091217$lBLL01$h0344
=CAT  \\$aBATCH-UPD$b00$c20101008$lBLL01$h2337
=CAT  \\$aBATCH-UPD$b00$c20101204$lBLL01$h1815
=CAT  \\$aWR16_021$c20160611$lBLL01$h1946
=CAT  \\$aBATCH-016$c20160905$lBLL01$h1707
=FIN  \\$aY$d20050310
=SRC  \\$aDSC Music (UCM)$b20090327
=LAS  \\$aBATCH-016$b00$c20160905$lBLL01$h1707

