=LDR  04895 am a2200877 a 4500
=001  013133285
=003  Uk
=005  20111212145858.0
=007  hd|afv|||baca
=008  050311m19979999enka\\\\a\\\\\000\0\eng\\
=FMT  \\$a  BK
=015  \\$aGBA527606$2bnb
=016  7\$a013133285$2Uk
=020  \\$cNo price
=039  0\$a2705
=040  \\$aUk$beng$cUk
=042  \\$aukblsr
=082  04$a266.35$222
=245  00$aChurch Missionary Society archive.$nSection I,$pEast Asia missions$h[microform].
=246  30$aEast Asia missions
=260  \\$aMarlborough :$bAdam Matthew Publications,$c1997-
=300  \\$amicrofilm reels :$bill. ;$c35 mm.
=336  \\$atext$2rdacontent
=337  \\$amicroform$2rdamedia
=338  \\$amicrofilm reel$2rdacarrier
=520  \\$aReproduces papers of the Church Missionary Society held at the CMS Headquarters in London and the University of Birmingham Library; includes books of correspondence, reports, records, applications, journals, and minutes.
=505  1\$apt. 1. Japan, 1869-1949 (including Loochoo Naval Mission, 1843-1861) (reels 1-21) -- pt. 2. Japan, 1869-1949 (reels 22-42) -- pt. 3. Japan, 1869-1949 (reels 43-63) -- pt. 4. Church of England Zenana Missionary Society, 1880-1957 (reels 64-84) -- pt. 5. Church of England Zenana Missionary Society, 1880-1957 (reels 85-104) -- pt. 6. Church of England Zenana Missionary Society, 1880-1957 (reels 105-124) -- pt. 7. Church of England Zenana Missionary Society, 1880-1957 (reels 125-145) -- pt. 8. Church of England Zenana Missionary Society, 1880-1957 (reels 146-177) -- pt. 9. Church of England Zenana Missionary Society, 1880-1957 (reels 178-210) -- pt. 10. China Mission, 1834-1914 (reels 211-234) -- pt. 11. South China Mission, 1885-1934 (235-254) -- pt. 12. South China Mission, 1888-1934 (reels 255-271) -- pt. 13. Chekiang Mission, 1885-1934 (reels 272-292) -- pt. 14. Chekiang Mission, 1888-1934 (reels 293-311) -- pt. 15. Western China Mission, 1897-1934 -- pt. 16. Western China Mission, 1898-1934, and Fukien Mission, 1900-1934 -- pt. 17. Fukien Mission, 1911-1934 -- pt. 18. Fukien Mission, 1900-1934, Kwangsi-Hunan Mission, 1911-1934, China general, 1935-1951, and South China, 1935-1951 -- pt. 19. South China Mission, 1935-1951, Chekiang Mission, 1935-1951, West China Mission, 1935-1951, Fukien Mission, 1935-1951, and Kwangsi-Hunan Mission, 1935-1951 -- pt. 20. East Asia general, 1935-1949, and annual letters for Japan, China and Canada, 1917-1949 -- pt. 21. Periodicals for South, Central and West China, 1899-1970, and Japan, 1905-1941, including papers of Fukien conferences, 1906-1937 -- pt. 22. Asia general, East Asia, China general, South China and Japan (1950-1959) (reels 466-479).
=610  20$aChurch Missionary Society$vArchives.
=610  20$aChurch of England$xMissions$xHistory$vSources.
=650  \0$aMissions$zEast Asia$xHistory$vSources.
=650  \0$aMissions$zChina$xHistory$vSources.
=710  2\$aChurch Missionary Society.
=852  41$aBritish Library$bHMNTS$jMic.A.19989$ipt. 1
=852  41$aBritish Library$bHMNTS$jMic.A.20190$ipt. 22
=852  41$aBritish Library$bHMNTS$jMic.A.20002$ipts. 2-14
=852  41$aBritish Library$bHMNTS$ipt. 21
=852  41$aBritish Library$bHMNTS$jMic.A.19783$ipt. 18
=852  41$aBritish Library$bHMNTS$jMic.A.19746$ipt. 15
=852  41$aBritish Library$bHMNTS$jMic.A.19747$ipt. 16
=852  41$aBritish Library$bHMNTS$jMic.A.19748$ipt. 17
=852  41$aBritish Library$bHMNTS$jMic.A.19802$ipt. 19
=852  41$aBritish Library$bHMNTS$jMic.A.19915$ipt. 20
=957  \\$a010420c
=957  \\$r24/7/02$tMC/31994-01
=AQN  \\$aVOLUNTARY DEPOSIT. 2 BOXES
=CAT  \\$a10958$b40$c20050311$lBLL01$h1309
=CAT  \\$a11250$b40$c20050401$lBLL01$h1106
=CAT  \\$a11250$b40$c20050401$lBLL01$h1122
=CAT  \\$a11250$b40$c20050401$lBLL01$h1134
=CAT  \\$a11250$b40$c20050401$lBLL01$h1135
=CAT  \\$a11250$b40$c20050401$lBLL01$h1143
=CAT  \\$a10746$b40$c20050602$lBLL01$h1155
=CAT  \\$aBATCH$b00$c20091211$lBLL01$h0100
=CAT  \\$a11250$b40$c20111212$lBLL01$h1452
=CAT  \\$a11250$b40$c20111212$lBLL01$h1454
=CAT  \\$a11250$b40$c20111212$lBLL01$h1458
=CAT  \\$aWR16_021$c20160611$lBLL01$h1948
=FIN  \\$aY$d20050401
=LDO  \\$aLDO$bfilm
=LEO  \\$aMP5.0001463370
=LEO  \\$aMP13.0000228997
=LEO  \\$aMP5.0001463375
=LEO  \\$aMP13.0000228999
=LEO  \\$aMP5.0001463381
=LEO  \\$aMP13.0000229004
=LEO  \\$aMP5.0000008960
=LEO  \\$aMP13.0000232288
=LEO  \\$aMP13.0000069374
=LEO  \\$aMP5.0000013506
=LEO  \\$aMP13.0000233718
=LEO  \\$aMP5.0000008962
=SRC  \\$aBNB03$bbibmp5.200404.2.ac
=SRC  \\$aLDS01$bbiblm.200404.2.aa
=SRC  \\$aBNB03$bbibmp5.200404.2.aa
=SRC  \\$aHSS01$bbibmp13.200404.2.aa
=LAS  \\$aWR16_021$b00$c20160611$lBLL01$h1948

