=LDR  01621pam a2200469 a 4500
=001  013169602
=003  Uk
=005  20070215145923.0
=008  050331s2005\\\\enkabc\\\\\\\\001\0\eng\\
=FMT  \\$a  BK
=015  \\$aGBA528407$2bnb
=016  7\$a013169602$2Uk
=020  \\$a0007211821 :$c£50.00
=040  \\$aStDuBDS$dUk
=082  04$a328.41072$222
=245  04$aThe Times guide to the House of Commons: May 2005 /$ceditors Tim Hames, Valerie Passmore.
=246  18$aGuide to the House of Commons 2005
=250  \\$a[New ed].
=260  \\$aLondon :$bTimes Books in association with Dod's Parliamentary Communications,$c2005.
=300  \\$a384 p. :$bill., 1 col. map, ports. ;$c24 cm.
=336  \\$atext$2rdacontent
=337  \\$aunmediated$2rdamedia
=338  \\$avolume$2rdacarrier
=500  \\$aPrevious ed.: 2001.
=500  \\$aIncludes index.
=500  \\$aFormerly CIP.$5Uk
=610  10$aGreat Britain.$bParliament.$bHouse of Commons.
=610  10$aGreat Britain.$bParliament$xElections, 2005.
=700  1\$aHames, Tim.
=700  1\$aPassmore, Valerie.
=852  41$aBritish Library$bHMNTS$jYC.2008.a.276
=852  11$aBritish Library$bHMNTS$kOPL$h328.42073
=CAT  \\$aBATCH$b00$c20050405$lBLL01$h1706
=CAT  \\$c20050405$lBLL01$h1708
=CAT  \\$c20050405$lBLL01$h1721
=CAT  \\$a8479$b40$c20051201$lBLL01$h1613
=CAT  \\$a8980$b40$c20070213$lBLL01$h0858
=CAT  \\$a7416$b40$c20070215$lBLL01$h1459
=CAT  \\$aBATCH-UPD$b40$c20080316$lBLL01$h1128
=CAT  \\$aWR16_021$c20160611$lBLL01$h1951
=FIN  \\$aY$d20070213
=LAS  \\$aWR16_021$b00$c20160611$lBLL01$h1951

