=LDR  01681pam a2200481 a 4500
=001  013180607
=003  Uk
=005  20051229140233.0
=008  050418s2005\\\\enk\\\\\\b\\\\001\0\eng\\
=FMT  \\$a  BK
=015  \\$aGBA533996$2bnb
=016  7\$a013180607$2Uk
=020  \\$a1845280709 (pbk.) :$c£10.99
=040  \\$aStDuBDS$beng$cStDuBDS$dUk
=042  \\$aukblsr
=082  04$a658.0220941$222
=100  1\$aGreen, Jim,$d1931-
=245  10$aStarting your own business :$bthe bestselling guide to planning and building a successful enterprise /$cJim Green.
=250  \\$a4th ed.
=260  \\$aOxford :$bHow To Books,$c2005.
=300  \\$axiii, 283 p. ;$c22 cm.
=336  \\$atext$2rdacontent
=337  \\$aunmediated$2rdamedia
=338  \\$avolume$2rdacarrier
=500  \\$aPrevious ed.: 2002.
=504  \\$aIncludes bibliographical references and index.
=500  \\$aFormerly CIP.$5Uk
=650  \0$aSmall business$zGreat Britain.
=650  \0$aNew business enterprises$zGreat Britain.
=650  \0$aSuccess in business$zGreat Britain.
=690  7\$aManagement and Business Studies$2blcoll
=852  41$aBritish Library$bHMNTS$jYK.2008.a.23228
=852  71$aBritish Library$bSTI$kSmall Business Help Section (BIPC1)$2blsrissc
=CAT  \\$aBATCH$b00$c20050419$lBLL01$h1707
=CAT  \\$c20050419$lBLL01$h1709
=CAT  \\$c20050419$lBLL01$h1721
=CAT  \\$a9671$b40$c20051222$lBLL01$h0955
=CAT  \\$a9671$b40$c20051222$lBLL01$h1004
=CAT  \\$a7416$b40$c20051229$lBLL01$h1402
=CAT  \\$aBATCH$b00$c20090611$lBLL01$h1718
=CAT  \\$aWR16_021$c20160611$lBLL01$h1954
=FIN  \\$aY$d20051222
=LAS  \\$aWR16_021$b00$c20160611$lBLL01$h1954

