=LDR  01387 as a22004097a 4500
=001  013186467
=003  Uk
=005  20090221074654.0
=007  ta
=008  050427d200u200uenkar\p\\\\\\\0\\\a0eng\\
=FMT  \\$a  SE
=040  \\$aUk$beng$cUk
=082  04$a338.761070105$222
=110  2\$aReuters Group PLC.
=245  10$aReuters annual report and form 20-F ...
=246  17$aReuters Group PLC annual report and form 20-F
=260  \\$aLondon :$bReuters
=300  \\$av. :$bill. ;$c28 cm.
=336  \\$atext$2rdacontent
=337  \\$aunmediated$2rdamedia
=338  \\$avolume$2rdacarrier
=500  \\$aDescription based on: 2003 issue.
=610  20$aReuters Group PLC$vPeriodicals.
=690  7\$aManagement and Business Studies$2blcoll
=852  41$aBritish Library$bHMNTS$jZK.9.b.24238$3Earlier issues
=852  11$aBritish Library$bSTI$kBIPC Trade Literature Collection$3(2003)-(2006)***Current issue
=985  \\$aAC 110 = new.
=CAT  \\$a11187$b40$c20050427$lBLL01$h0942
=CAT  \\$a11187$b40$c20051221$lBLL01$h1328
=CAT  \\$aBATCH-UPD$b40$c20080720$lBLL01$h1835
=CAT  \\$a7792$b40$c20090217$lBLL01$h1046
=CAT  \\$a7792$b40$c20090221$lBLL01$h0746
=CAT  \\$aBATCH$b00$c20090611$lBLL01$h1718
=CAT  \\$aBATCH-UPD$b00$c20160924$lBLL01$h0040
=FIN  \\$aY$d20051221
=TCO  \\$aCLA$bCLA$c008
=LAS  \\$aBATCH-UPD$b00$c20160924$lBLL01$h0040

