=LDR  01669 cm a2200493 a 4500
=001  013190880
=003  Uk
=005  20080820101149.0
=008  050504s2005\\\\enk||b\|\||||||n\\|\zxx\\
=FMT  \\$a  MU
=016  \\$a013190880
=020  \\$a1844493423
=028  32$aCH61596$bChester Music
=039  1\$a0803
=040  \\$aUk$beng$cUk
=042  \\$aukblsr
=082  04$a784.2832$222
=100  1\$aDavies, Peter Maxwell,$d1934-2016.
=245  10$aTemenos, with mermaids and angels :$bfor flute and orchestra /$cPeter Maxwell Davies.
=260  \\$aLondon :$bChester Music,$cc2005.
=300  \\$a1 miniature score (47 p.) ;$c19 cm.
=336  \\$anotated music$2rdacontent
=337  \\$aunmediated$2rdamedia
=338  \\$avolume$2rdacarrier
=500  \\$aIncludes composer's note.
=650  \0$aFlute with orchestra$vScores.
=852  41$aBritish Library$bDSC$cMUSIC
=852  41$aBritish Library$bDSC$cMUSIC$jmH01/1502
=852  41$aBritish Library$bMUSIC$jb.400.rr.(5.)
=CAT  \\$a8178$b40$c20050504$lBLL01$h1417
=CAT  \\$a8178$b40$c20050504$lBLL01$h1418
=CAT  \\$a10500$b40$c20060328$lBLL01$h1248
=CAT  \\$a4587$b40$c20060331$lBLL01$h1509
=CAT  \\$a8870$b40$c20060901$lBLL01$h1441
=CAT  \\$a4587$b40$c20061006$lBLL01$h1730
=CAT  \\$a12418$b40$c20080820$lBLL01$h1011
=CAT  \\$aBATCH-UPD$b40$c20090129$lBLL01$h1530
=CAT  \\$aBATCH-UPD$b40$c20160317$lBLL01$h2300
=CAT  \\$aWR16_021$c20160611$lBLL01$h1957
=CAT  \\$aBATCH-016$c20160905$lBLL01$h1707
=CAT  \\$aW1904-0451$c20190428$lBLL01$h1304
=FIN  \\$aY$d20060901
=SID  \\$aZ39$bOXFORD
=LAS  \\$aW1904-0451$b00$c20190428$lBLL01$h1304

