=LDR  01753 am a2200505 a 4500
=001  013198963
=003  Uk
=005  20060330110537.0
=008  050310s2005\\\\nyu\\\\\\b\\\\001\0\eng\\
=FMT  \\$a  BK
=010  \\$a2005046417
=015  \\$aGBA637852$2bnb
=016  7\$a013198963$2Uk
=020  \\$a0773461485 :$cNo price
=040  \\$aDLC$cDLC$dDLC$dUk
=041  1\$aeng$hgrc
=042  \\$aukblsr
=050  00$aPA3823$b.A2513 2005
=082  00$a885.01$222
=100  0\$aAeschines.
=240  10$aDe falsa legatione.$lEnglish
=245  13$aDe falsa legatione = On the false embassy /$cAeschines ; a translation, with rhetorical notes by George L. Greaney.
=246  31$aOn the false embassy
=260  \\$aLewiston, N.Y. ;$aLampeter :$bEdwin Mellen Press,$cc2005.
=300  \\$aii, 114 p. ;$c24 cm.
=336  \\$atext$2rdacontent
=337  \\$aunmediated$2rdamedia
=338  \\$avolume$2rdacarrier
=490  1\$aStudies in classics ;$vv. 31
=504  \\$aIncludes bibliographical references (p. [89]-114) and index.
=650  \0$aSpeeches, addresses, etc., Greek$vTranslations into English.
=830  \0$aStudies in classics ;$vv. 31.
=852  41$aBritish Library$bDSC$p8489.946000$i31
=852  41$aBritish Library$bHMNTS$jYC.2006.a.14645
=CAT  \\$a8479$b40$c20050517$lBLL01$h0925
=CAT  \\$a8479$b40$c20050517$lBLL01$h0926
=CAT  \\$a8457$b40$c20060329$lBLL01$h1352
=CAT  \\$a10746$b40$c20060330$lBLL01$h1105
=CAT  \\$aglobal_upd$b40$c20060416$lBLL01$h1547
=CAT  \\$aBATCH$b00$c20091217$lBLL01$h0351
=CAT  \\$aWR16_021$c20160611$lBLL01$h1958
=CAT  \\$aBATCH-UPD$b00$c20160611$lBLL01$h2238
=FIN  \\$aY$d20060330
=SID  \\$aZ39$bLOC
=LAS  \\$aBATCH-UPD$b00$c20160611$lBLL01$h2238

