=LDR  01424 am a22003737a 4500
=001  013208901
=003  Uk
=005  20050527123407.0
=008  050527s2004\\\\gr\||||||||||\10|\0\eng\\
=FMT  \\$a  BK
=040  \\$aUk$beng$cUk
=CNF  \\$aPre-Olympic congress$d(2004 Aug :$cThessaloniki, Greece)
=245  00$a2004 pre-Olympic congress :$bproceedings /$ceditors, V. Klisouras, S. Kellis, I. Mouratidis.
=260  \\$aThessaloniki, Greece :$bDepartment of Physical Education & Sport Science, Aristotle University of Thessaloniki,$c2004.
=300  \\$a2 v. +$e1 CD-ROM.
=336  \\$atext$2rdacontent
=337  \\$aunmediated$2rdamedia
=338  \\$avolume$2rdacarrier
=591  \\$aAbstracts. Also held on CD-ROM. Theme title: Sport science through the ages.
=653  1\$aOlympic
=653  1\$aSport science through the ages
=653  1\$aPhysical education
=700  1\$aKellis, S.
=700  1\$aKlisouras, V.
=700  1\$aMouratidis, I.
=710  2\$aAristoteleio Panepistēmio Thessalonikēs.$bDepartment of Physical Education & Sport Science.
=852  41$aBritish Library$bDSC$jVm05/.50252
=852  41$aBritish Library$bDSC$mVm05/.50253
=985  \\$aRecord amended for WR# 13/070
=CAT  \\$a11245$b40$c20050527$lBLL01$h1234
=CAT  \\$a8964$b40$c20100122$lBLL01$h0910
=CAT  \\$aWR13_070$b00$c20130504$lBLL01$h0239
=FIN  \\$aY$d20050527
=LAS  \\$aWR13_070$b00$c20130504$lBLL01$h0239

