=LDR  01389 am a2200433 a 4500
=001  013211294
=003  Uk
=005  20050831121835.0
=008  050524s2005\\\\stk\\\\\\d\\\\000\0\eng\\
=FMT  \\$a  BK
=015  \\$aGBA547149$2bnb
=016  7\$a013211294$2Uk
=020  \\$a0007191537 (hbk.) :$c£30.00
=040  \\$aStDuBDS$dUk
=082  04$a423$222
=245  00$aCollins English dictionary /$c[editors, Sandra Anderson ... [et al.]].
=246  3\$aEnglish dictionary
=250  \\$aComplete & unabridged new ed., 7th ed.
=260  \\$aGlasgow :$bHarperCollins,$c2005.
=300  \\$axiii, 1872, ii, p. ;$c28 cm.
=336  \\$atext$2rdacontent
=337  \\$aunmediated$2rdamedia
=338  \\$avolume$2rdacarrier
=500  \\$aPrevious ed.: 2003.
=500  \\$aFormerly CIP.$5Uk
=650  \0$aEnglish language$vDictionaries.
=700  1\$aAnderson, Sandra,$d1956-
=852  41$aBritish Library$bHMNTS$jYC.2008.b.1290
=852  11$aBritish Library$bHMNTS$cSPHOA$kHUD$mENG
=CAT  \\$aBATCH$b00$c20050531$lBLL01$h1707
=CAT  \\$c20050531$lBLL01$h1710
=CAT  \\$c20050531$lBLL01$h1731
=CAT  \\$a6632$b40$c20050826$lBLL01$h1711
=CAT  \\$a5264$b40$c20050831$lBLL01$h0814
=CAT  \\$a5264$b40$c20050831$lBLL01$h0815
=CAT  \\$a5264$b40$c20050831$lBLL01$h1218
=FIN  \\$aY$d20050831
=SID  \\$aZ39$bOCLC
=LAS  \\$a5264$b40$c20050831$lBLL01$h1218

