=LDR  02113 cm a2200577 a 4500
=001  013212188
=003  Uk
=005  20070313115344.0
=008  050517s1995\\\\enk||a\|\||||||||\|\zxx\\
=FMT  \\$a  MU
=016  \\$a013212188
=020  \\$a1846090601
=028  32$aCH61513$bChester Music
=039  0\$a0701
=040  \\$aUk$beng$cUk
=082  04$a786.76$221
=082  04$a786.8$221
=100  1\$aSaariaho, Kaija.
=240  10$aJapanese gardens
=245  10$aSix Japanese gardens :$bfor percussion and electronics : 1993/95 /$cKaija Saariaho.
=250  \\$aSpecial order ed.
=260  \\$aLondon :$bChester Music,$cc1995.
=300  \\$a1 score ([18] p.) ;$c30 x 42 cm.
=336  \\$anotated music$2rdacontent
=337  \\$aunmediated$2rdamedia
=338  \\$avolume$2rdacarrier
=500  \\$aFor solo percussion with live electronics.
=500  \\$aIncludes composer's programme note and instructions
=505  0\$aTenju-an Garden of Nanzen-ji Temple -- Many pleasures (Garden of the Kinkaku-ji) -- Dry mountain stream -- Rock garden of Ryoan-ji -- Moss garden of the Saiho-ji -- Stone bridges.
=500  \\$a"Electronic instructions on CD-Rom" on separate leaf, inserted.
=650  \0$aElectronic and percussion music$vScores.
=852  41$aBritish Library$bMUSIC$jP.64.(6.)
=852  41$aBritish Library$bDSC$cMUSIC
=957  \\$r6/2/04
=CAT  \\$a8479$b40$c20050602$lBLL01$h1125
=CAT  \\$a8479$b40$c20050602$lBLL01$h1128
=CAT  \\$a11696$b40$c20060202$lBLL01$h1548
=CAT  \\$a10500$b40$c20060329$lBLL01$h1504
=CAT  \\$a10500$b40$c20060329$lBLL01$h1521
=CAT  \\$a10500$b40$c20060330$lBLL01$h1416
=CAT  \\$a4587$b40$c20060909$lBLL01$h1706
=CAT  \\$a7568$b40$c20070313$lBLL01$h1153
=CAT  \\$aBATCH-UPD$b40$c20070605$lBLL01$h1111
=CAT  \\$aBATCH$b00$c20091211$lBLL01$h0100
=CAT  \\$aWR16_021$c20160611$lBLL01$h2002
=CAT  \\$aBATCH-016$c20160905$lBLL01$h1708
=FIN  \\$aY$d20060202
=LDO  \\$aBLEF$bpmus
=SID  \\$aZ39$bOXFORD
=SRC  \\$aLDS01$bbiblm.200404.2.aa
=LAS  \\$aBATCH-016$b00$c20160905$lBLL01$h1708

