=LDR  01182cam a2200385 a 4500
=001  013216331
=003  Uk
=005  20230704084239.0
=008  050608s1996\\\\enk\\\\j\\\\\\000\1\eng\\
=FMT  \\$a  BK
=015  \\$aGBA553305$2bnb
=016  7\$a013216331$2Uk
=040  \\$aUk$beng$cUk
=042  \\$aukblsr
=082  04$a823.914$222
=100  1\$aColvin, Robert.
=245  10$aPandora's box /$cby Robert Colvin.
=260  \\$a[S.l.] :$b[Robert Colvin?],$cc1996.
=300  \\$a1 v. ;$c21 cm.
=336  \\$atext$2rdacontent
=337  \\$aunmediated$2rdamedia
=338  \\$avolume$2rdacarrier
=655  \7$aFantasy fiction.$2gsafd
=655  \7$aChildren's stories.$2lcsh
=852  41$aBritish Library$bHMNTS$jH.2005/3772$ibk. II
=852  41$aBritish Library$bHMNTS$ibk. I
=CAT  \\$a12328$b40$c20050608$lBLL01$h0852
=CAT  \\$a10932$b40$c20050623$lBLL01$h1345
=CAT  \\$a10932$b40$c20050623$lBLL01$h1412
=CAT  \\$a4728$b40$c20050721$lBLL01$h1318
=CAT  \\$a4728$b40$c20050721$lBLL01$h1503
=CAT  \\$aWR16_021$c20160611$lBLL01$h2003
=CAT  \\$a10812$b40$c20230704$lBLL01$h0842
=FIN  \\$aY$d20050623
=LAS  \\$a10812$b40$c20230704$lBLL01$h0842

