=LDR  01692 am a2200457 a 4500
=001  013216481
=003  Uk
=005  20051031144029.0
=008  050608s2005\\\\enkac\\\\\\\\\000\0\eng\\
=FMT  \\$a  BK
=015  \\$aGBA550053$2bnb
=016  7\$a013216481$2Uk
=020  \\$a095290456X (v. 1 : pbk.) :$cNo price
=020  \\$a0955058708 (v. 2 : pbk.) :$cNo price
=020  \\$a0955058716 (v. 3 : pbk.) :$cNo price
=040  \\$aUk$beng$cUk
=042  \\$aukblsr
=082  04$a793.85$222
=100  1\$aGordon, Paul,$d1963-
=245  10$aPack up your cards :$bfrom the professional working repertoire of Paul Gordon /$cPaul Gordon.
=260  \\$aWorthing :$bNatzler Enterprises,$cc2005.
=300  \\$a3 v. :$bill., ports. ;$c30 cm.
=336  \\$atext$2rdacontent
=337  \\$aunmediated$2rdamedia
=338  \\$avolume$2rdacarrier
=505  1\$av. 1, Some new commercial card magic -- v. 2, More new commercial card magic - plus! -- v. 3, Even more new commercial card magic - plus!
=650  \0$aCard tricks.
=852  41$aBritish Library$bHMNTS$jYK.2005.b.1594$ivol. 1
=852  41$aBritish Library$bHMNTS$ivol. 2
=852  41$aBritish Library$bHMNTS$jYC.2005.b.1875$ivol. 3
=CAT  \\$a12328$b40$c20050608$lBLL01$h1031
=CAT  \\$a5264$b40$c20050614$lBLL01$h0936
=CAT  \\$a5264$b40$c20050614$lBLL01$h0937
=CAT  \\$a5264$b40$c20050614$lBLL01$h1145
=CAT  \\$a10746$b40$c20050706$lBLL01$h0917
=CAT  \\$a10876$b40$c20051026$lBLL01$h0810
=CAT  \\$a10746$b40$c20051031$lBLL01$h1440
=CAT  \\$a8964$b40$c20080404$lBLL01$h1341
=CAT  \\$aWR16_021$c20160611$lBLL01$h2003
=FIN  \\$aY$d20050614
=LAS  \\$aWR16_021$b00$c20160611$lBLL01$h2003

