=LDR  01773cam a2200517 a 4500
=001  013217423
=003  Uk
=005  20080724143046.0
=008  050609s2005\\\\enka\\\\\\\\\\001\0\eng\\
=FMT  \\$a  BK
=015  \\$aGBA550032$2bnb
=016  7\$a013217423$2Uk
=020  \\$a0748790721 (bk. 1 : pbk.) :$cNo price
=020  \\$a0748790888 (bk. 2 : pbk.) :$cNo price
=020  \\$a0748790896 (bk. 3 : pbk.) :$cNo price
=020  \\$a0748793739 (bk. 4 : pbk.) :$cNo price
=040  \\$aUk$beng$cUk
=042  \\$aukblsr
=082  04$a510.76$222
=245  00$aSTP Caribbean mathematics /$cC.E. Layne ... [et al.].
=246  30$aCaribbean mathematics
=250  \\$a3rd ed.
=260  \\$aCheltenham :$bNelson Thornes,$c2005.
=300  \\$av. :$bill. (some col.) ;$c24 cm.
=336  \\$atext$2rdacontent
=337  \\$aunmediated$2rdamedia
=338  \\$avolume$2rdacarrier
=500  \\$aIncludes index.
=650  \0$aMathematics$vTextbooks.
=650  \0$aMathematics$vExaminations, questions, etc.
=610  20$aCaribbean Examinations Council.
=700  1\$aLayne, C.$q(Clarrie).
=852  41$aBritish Library$bHMNTS$ibk. 4
=852  41$aBritish Library$bHMNTS$jYK.2005.a.5278$ibk. 3
=852  41$aBritish Library$bHMNTS$jYK.2008.a.13437$ibk. 1
=CAT  \\$a12328$b40$c20050609$lBLL01$h0932
=CAT  \\$a11250$b40$c20050614$lBLL01$h0817
=CAT  \\$a11250$b40$c20050614$lBLL01$h0825
=CAT  \\$a11250$b40$c20050614$lBLL01$h0848
=CAT  \\$a11306$b40$c20050614$lBLL01$h1139
=CAT  \\$a11250$b40$c20080724$lBLL01$h1428
=CAT  \\$a11250$b40$c20080724$lBLL01$h1430
=CAT  \\$aWR16_021$c20160611$lBLL01$h2003
=CAT  \\$aBATCH-UPD$b00$c20230306$lBLL01$h1155
=FIN  \\$aY$d20050614
=LAS  \\$aBATCH-UPD$b00$c20230306$lBLL01$h1155

