=LDR  01107 am a2200337 a 4500
=001  013217942
=003  Uk
=005  20050912150325.0
=008  050124s2004\\\\ii\\\\\\\b\\\\001\0\eng\d
=FMT  \\$a  BK
=020  \\$a812611830X (set) :$cNo price
=040  \\$aIIUOH$beng$cIIUOH$dOCLCQ$dUk
=082  04$a954.023
=100  1\$aSyed, M. H.,$cDr.
=245  10$aHistory of Delhi sultanate /$cM.H. Syed.
=260  \\$aNew Delhi :$bAnmol Publications,$c2004.
=300  \\$a2 v. ;$c26 cm.
=336  \\$atext$2rdacontent
=337  \\$aunmediated$2rdamedia
=338  \\$avolume$2rdacarrier
=504  \\$aVol. 2 includes bibliographical references (p. [465]-484) and index.
=651  \0$aDelhi (India : Sultanate)$xHistory.
=852  41$aBritish Library$bOC$jYD.2005.a.6914$iv. 1
=852  41$aBritish Library$bOC$iv. 2
=CAT  \\$a12320$b40$c20050609$lBLL01$h1409
=CAT  \\$a12320$b40$c20050908$lBLL01$h1123
=CAT  \\$a10932$b40$c20050912$lBLL01$h1503
=CAT  \\$aBATCH-UPD$b40$c20100430$lBLL01$h2045
=FIN  \\$aY$d20050912
=SID  \\$aZ39$bOCLC
=LAS  \\$aBATCH-UPD$b40$c20100430$lBLL01$h2045

