=LDR  02304cam a2200637 a 4500
=001  013220942
=003  Uk
=005  20230331164404.0
=008  050622s2005\\\\enka\\\\\b\\\\001\0\eng\\
=FMT  \\$a  BK
=010  \\$a  2005929611
=015  \\$aGBA550716$2bnb
=016  7\$a013220942$2Uk
=020  \\$a0566085372 :$c£55.00
=040  \\$aStDuBDS$beng$cStDuBDS$dUk
=042  \\$aukblsr
=050  00$aHD38.7$b.M87 2005
=082  04$a658.472$222
=100  1\$aMurphy, Christopher,$d1953-
=245  10$aCompetitive intelligence :$bgathering, analysing, and putting it to work /$cChristopher Murphy.
=260  \\$aAldershot :$bGower,$cc2005.
=300  \\$axxvi, 273 p. :$bill. ;$c25 cm.
=336  \\$atext$2rdacontent
=337  \\$aunmediated$2rdamedia
=338  \\$avolume$2rdacarrier
=500  \\$aFormerly CIP.$5Uk
=504  \\$aIncludes bibliographical references and index.
=540  \\$aCurrent Copyright Fee: GBP34.00$c0$5Uk
=650  \0$aBusiness intelligence.
=650  \0$aCompetition.
=690  7\$aManagement and Business Studies$2blcoll
=852  41$aBritish Library$bHMNTS$jYC.2009.a.13058
=852  41$aBritish Library$bDSC$jm05/.35538
=852  71$aBritish Library$bSTI$kSmall Business Help Section (BIPC1)$2blsrissc
=BUF  \\$aN$d20051017
=CAT  \\$aBATCH$b00$c20050614$lBLL01$h1707
=CAT  \\$c20050614$lBLL01$h1709
=CAT  \\$c20050614$lBLL01$h1727
=CAT  \\$c20050819$lBLL01$h1110
=CAT  \\$c20050819$lBLL01$h1128
=CAT  \\$a7732$b40$c20051017$lBLL01$h1040
=CAT  \\$a11169$b40$c20051206$lBLL01$h1133
=CAT  \\$a11169$b40$c20051206$lBLL01$h1137
=CAT  \\$a11306$b40$c20051214$lBLL01$h1210
=CAT  \\$aBATCH-BUOC$b00$c20060406$lBLL01$h2153
=CAT  \\$a11014$b40$c20060609$lBLL01$h1336
=CAT  \\$aBATCH$b00$c20090624$lBLL01$h1701
=CAT  \\$aWR16_021$c20160611$lBLL01$h2004
=CAT  \\$aBATCH-CLAB$c20220330$lBLL01$h1641
=CAT  \\$aIPL-CLA$c20220331$lBLL01$h2232
=CAT  \\$aBATCH-CLAB$c20230324$lBLL01$h1338
=CAT  \\$aIPL-CLA$c20230331$lBLL01$h1644
=CFI  0\$aCurrent Copyright Fee: GBP34.00$c0$e01-apr-2023$fGBP34.00$g0$hC$5Uk
=CFI  2\$aPrevious Copyright Fee: GBP28.00$c0$e01-apr-2022$fGBP28.00$g0$hC$5Uk
=FIN  \\$aY$d20051017
=LAS  \\$aIPL-CLA$b00$c20230331$lBLL01$h1644

