=LDR  03079 am a2200589 a 4500
=001  013237351
=003  Uk
=005  20121019111021.0
=006  m\\\\|\\\d\|\\\\\\
=007  co||||||||||||
=008  050624s2005\\\\fr\||||\s||||\10|\0\eng\\
=FMT  \\$a  BK
=020  \\$a2913149391
=040  \\$aUk$beng$cUk$dUk
=111  2\$aInternational Conference on Latest Developments in Refrigerated Storage, Transportation and Display of Food Products$d(2005 :$cAmman, Jordan)
=CNF  \\$aInternational conference on latest developments in refrigerated storage, transportation and display of food products$d(2005 Mar :$cAmman, Jordan)
=245  10$aInternational conference on latest developments in refrigerated storage, transportation and display of food products$h[electronic resource] :$bAmman, Jordan, 28-30 March 2005 /$corganized by University of Jordan, Faculty of Engineering & Technology, Department of Mechanical Engineering in cooperation with International Institute of Refrigeration (IIR), "Institut International du Froid (IIF)" Commissions C2, D1 and D2.
=246  30$aLatest developments in refrigerated storage, transportation and display of food products
=246  31$aTreposage, transport frigorifique et vente des produits alimentaires : derniers développements
=260  \\$a[Paris :$bInstitut international du Froid,$c2005].
=300  \\$a1 CD-ROM ;$c4 3/4 in.
=336  \\$atext$2rdacontent
=337  \\$acomputer$2rdamedia
=338  \\$acomputer disc$2rdacarrier
=490  1\$aRefrigeration science and technology proceedings,$x0151-1637 ;$vno.2005-1
=591  \\$aPapers. Held on CD-ROM.
=595  \\$aHeld in e-store (RMS).
=500  \\$aTitle from Start screen.
=538  \\$aSystem requirements: IBM compatible PC; Windows; Adobe Acrobat Reader.
=500  \\$aAdded title in French: En treposage, transport frigorifique et vente des produits alimentaires : derniers développements.
=516  \\$aPDF format.
=650  \0$aFood$xStorage$vCongresses.
=650  \0$aFood$xTransportation$vCongresses.
=650  \0$aCold storage$vCongresses.
=653  1\$aRefrigerated storage
=653  2\$aIIR
=710  2\$aInternational Institute of Refrigeration.$bCommission C2.
=710  2\$aInternational Institute of Refrigeration.$bCommission D1.
=710  2\$aInternational Institute of Refrigeration.$bCommission D2.
=830  \0$aRefrigeration science and technology proceedings,$x0151-1637 ;$vno.2005-1
=852  41$aBritish Library$bDSC$cF$j7336.055100$ino. 2005/1
=852  41$aBritish Library$bSTI$i2005/1
=945  \\$aRefrigeration science and technology proceedings -CD ROM edition-, ISSN 0151-1637 ; 2005, no. 1
=CAT  \\$a8457$b40$c20050624$lBLL01$h0919
=CAT  \\$a8141$b40$c20050711$lBLL01$h0948
=CAT  \\$a5194$b40$c20050714$lBLL01$h1720
=CAT  \\$a8141$b40$c20050811$lBLL01$h1309
=CAT  \\$a11245$b40$c20060621$lBLL01$h1406
=CAT  \\$aBATCH$b00$c20091217$lBLL01$h0355
=CAT  \\$a6537$b40$c20121019$lBLL01$h1110
=FIN  \\$aY$d20050711
=LAS  \\$a6537$b40$c20121019$lBLL01$h1110

