=LDR  01470pam a2200457 a 4500
=001  013239674
=003  Uk
=005  20060317112707.0
=008  050624s2005\\\\enkac\\\\\\\\\001\0\eng\d
=FMT  \\$a  BK
=015  \\$aGBA554102$2bnb
=016  7\$a013239674$2Uk
=020  \\$a0091909155 (pbk.) :$c£12.99
=035  \\$a(WlAbNL)WlAbNLb13569067
=040  \\$aStDuBDS$dWlAbNL$dUk
=042  \\$aukscp
=082  04$a650.1$222
=245  00$aYour idea can make you rich /$cforeword by Evan Davis.
=260  \\$aLondon :$bVermilion,$c2005.
=300  \\$a190 p. :$bcol. ill. ;$c25 cm.
=336  \\$atext$2rdacontent
=337  \\$aunmediated$2rdamedia
=338  \\$avolume$2rdacarrier
=500  \\$aTV tie-in.
=500  \\$aIncludes index.
=500  \\$aFormerly CIP.$5Uk
=630  00$aDragons' den (Television program)
=650  \0$aSuccess in business.
=650  \0$aEntrepreneurship.
=852  41$aBritish Library$bHMNTS$jYK.2007.a.2220
=852  71$aBritish Library$bSTI$kSmall Business Help Section (BIPC1)$2blsrissc
=985  \\$aLDL record matched & merged
=CAT  \\$aBATCH-CIP$b00$c20050727$lBLL01$h1650
=CAT  \\$c20050727$lBLL01$h1653
=CAT  \\$aBATCH-LDL$b00$c20051017$lBLL01$h2328
=CAT  \\$c20051017$lBLL01$h2328
=CAT  \\$a5375$b40$c20060317$lBLL01$h1127
=CAT  \\$aBATCH-UPD$b40$c20100906$lBLL01$h2017
=CAT  \\$aWR16_021$c20160611$lBLL01$h2006
=FIN  \\$aY$d20060317
=LAS  \\$aWR16_021$b00$c20160611$lBLL01$h2006

