=LDR  01823aam a2200541 a 4500
=001  013241131
=003  Uk
=005  20100726105639.0
=008  070202s2003\\\\stkab\\\\b\\\o000\0\eng\c
=FMT  \\$a  BK
=015  \\$aGBA711400$2bnb
=016  7\$a013241131$2Uk
=020  \\$a1844042006 (pbk.) :$cNo price
=035  \\$a(StEdNL)3905141
=040  \\$aUk$beng$cUk$dStEdNL$dUk
=042  \\$aukscp
=043  \\$ae-uk-st
=082  04$a362.109411021$222
=245  00$aClinical outcome indicators.
=246  1\$iAt head of title:$aClinical Outcomes Group - November 2003
=260  \\$aEdinburgh :$bNHS Quality Improvement Scotland,$c2003.
=300  \\$aiv,132 p. :$bill., 1 map ;$c30 cm.
=336  \\$atext$2rdacontent
=337  \\$aunmediated$2rdamedia
=338  \\$avolume$2rdacarrier
=500  \\$aCover title.
=504  \\$aIncludes bibliographical references.
=590  \\$aPrecat review needed
=650  \0$aClinical medicine$zScotland.
=690  7\$aSocial Welfare$2blcoll
=710  2\$aNHS Quality Improvement Scotland.
=852  41$aBritish Library$bHMNTS$jOPA.2010.x.1308
=852  41$aBritish Library$bDSC$iYear 2003(2003:Nov)
=985  \\$aLDL record matched & merged
=BGT  \\$at
=CAT  \\$a7942$b40$c20050628$lBLL01$h1712
=CAT  \\$a7942$b40$c20050628$lBLL01$h1716
=CAT  \\$a7942$b40$c20050701$lBLL01$h1233
=CAT  \\$aBATCH-LDL$b00$c20070213$lBLL01$h0113
=CAT  \\$aBATCH$b00$c20070213$lBLL01$h0113
=CAT  \\$aBATCH-LDL$b00$c20070213$lBLL01$h0114
=CAT  \\$a10876$b40$c20091030$lBLL01$h1250
=CAT  \\$a8202$b40$c20100726$lBLL01$h1056
=CAT  \\$aBATCH$b00$c20110625$lBLL01$h0514
=CAT  \\$aBATCH-SWP4$c20110627$lBLL01$h1557
=CAT  \\$aWR16_021$c20160611$lBLL01$h2007
=FIN  \\$aY$d20100726
=LAS  \\$aWR16_021$b00$c20160611$lBLL01$h2007

