=LDR  01545 am a2200421 a 4500
=001  013248886
=003  Uk
=005  20101103121343.0
=008  050711s2005\\\\ie\a\\\\\b\\\|0|0\0|eng\\
=FMT  \\$a  BK
=015  \\$aGBB0D2010$2bnb
=016  7\$a013248886$2Uk
=020  \\$z0755714105 (pt. F : pbk.)
=020  \\$z0755713672 (pt. L : pbk.)
=040  \\$aUk$beng$cUk
=042  \\$aukblsr
=082  04$a343.41707869$222
=110  1\$aIreland.$bDepartment of the Environment, Heritage and Local Government.
=245  10$aBuilding Regulations 2002 :$btechnical guidance document /$cDepartment of the Environment, Heritage and Local Government.
=250  \\$aRepr. ed. /$bamendments & corrections incorporated.
=260  \\$aDublin :$bStationery Office,$c2005.
=300  \\$av. :$bill. ;$c30 cm.
=336  \\$atext$2rdacontent
=337  \\$aunmediated$2rdamedia
=338  \\$avolume$2rdacarrier
=505  1\$apt. F. Ventilation -- pt. L. Conservation of fuel and energy: Dwellings
=504  \\$aIncludes bibliographical references.
=650  \0$aBuilding laws$zIreland.
=852  41$aBritish Library$bHMNTS$jOPA.2010.x.1746$ipt. L
=852  41$aBritish Library$bHMNTS$ipt. F
=985  \\$aRecord amended for WR# 13/070
=CAT  \\$a12271$b40$c20050711$lBLL01$h1121
=CAT  \\$a12271$b40$c20050711$lBLL01$h1128
=CAT  \\$a6989$b40$c20101103$lBLL01$h1213
=CAT  \\$aWR13_070$b00$c20130504$lBLL01$h0240
=CAT  \\$aWR16_021$c20160611$lBLL01$h2008
=FIN  \\$aY$d20101103
=LAS  \\$aWR16_021$b00$c20160611$lBLL01$h2008

