=LDR  02017cam a2200529 a 4500
=001  013258631
=003  Uk
=005  20230331164423.0
=008  041220s2005\\\\fluad\\\\b\\\\001\0\eng\\
=FMT  \\$a  BK
=010  \\$a2004065748
=020  \\$a9781574445169
=020  \\$a1574445162 (alk. paper)
=040  \\$aDLC$cDLC$dUk
=042  \\$aukblsr
=050  00$aRS380$b.P76 2005
=082  00$a615.19$222
=245  00$aProcess validation in manufacturing of biopharmaceuticals :$bguidelines, current practices, and industrial case studies /$cedited by Anurag Singh Rathore, Gail Sofer.
=260  \\$aBoca Raton :$bTaylor & Francis,$c2005.
=300  \\$axxi, 578 p. :$bill. ;$c23 cm.
=336  \\$atext$2rdacontent
=337  \\$aunmediated$2rdamedia
=338  \\$avolume$2rdacarrier
=490  1\$aBiotechnology and bioprocessing series ;$v29
=504  \\$aIncludes bibliographical references and index.
=540  \\$aCurrent Copyright Fee: GBP34.00$c0$5Uk
=650  \0$aPharmaceutical biotechnology$xQuality control.
=650  \0$aBiotechnological process monitoring.
=700  1\$aRathore, Anurag S.$q(Anurag Singh),$d1973-
=700  1\$aSofer, G. K.
=830  \0$aBiotechnology and bioprocessing series ;$v29.
=852  41$aBritish Library$bHMNTS$jYD.2017.a.139
=852  41$aBritish Library$bDSC$i2089.860305
=CAT  \\$a8457$b40$c20050722$lBLL01$h1318
=CAT  \\$aBATCH$b00$c20091217$lBLL01$h0357
=CAT  \\$aBATCH-CLA$b00$c20120928$lBLL01$h1835
=CAT  \\$aBATCH-CLA$b00$c20120930$lBLL01$h1044
=CAT  \\$aBATCH-CLA$b00$c20130508$lBLL01$h0730
=CAT  \\$aBATCH-UPD$b00$c20170112$lBLL01$h1357
=CAT  \\$aBATCH-CLAB$c20230324$lBLL01$h1310
=CAT  \\$aIPL-CLA$c20230331$lBLL01$h1644
=CFI  0\$aCurrent Copyright Fee: GBP34.00$c0$e01-apr-2023$fGBP34.00$g0$hC$5Uk
=CFI  2\$aBritish Library not licensed to copy$c0$e07-sep-2011$hC$iTX$5Uk
=FIN  \\$aY$d20050722
=SID  \\$aZ39$bLOC
=TCO  \\$aTRS$bCCC$c008
=LAS  \\$aIPL-CLA$b00$c20230331$lBLL01$h1644

