=LDR  01473 am a2200457 a 4500
=001  013273006
=003  Uk
=005  20070112090152.0
=008  050815s2005\\\\enka\\\\\b\\\\001\0\eng\\
=FMT  \\$a  BK
=015  \\$aGBA568654$2bnb
=016  7\$a013273006$2Uk
=020  \\$z9781857511077
=020  \\$a1857511077 :$cNo price
=040  \\$aUk$beng$cUk
=042  \\$aukblsr
=082  04$a624.0289$222
=245  00$aConstruction site safety.
=250  \\$aRev. ed.
=260  \\$aKing's Lynn :$bCITB-ConstructionSkills,$c2005.
=300  \\$a2 v. :$bill. ;$c32 cm.
=336  \\$atext$2rdacontent
=337  \\$aunmediated$2rdamedia
=338  \\$avolume$2rdacarrier
=500  \\$aPrevious ed.: 2004.
=500  \\$a"GE 700"
=500  \\$aIn ring binders.
=504  \\$aIncludes bibliographical references and index.
=650  \0$aConstruction industry$zGreat Britain$xSafety measures.
=650  \0$aConstruction industry$xSafety regulations$zGreat Britain.
=710  2\$aCITB-ConstructionSkills.
=852  41$aBritish Library$bHMNTS$jLC.31.b.1061$ivol. 1
=852  41$aBritish Library$bHMNTS$ivol. 2
=CAT  \\$a11168$b40$c20050815$lBLL01$h1452
=CAT  \\$a11168$b40$c20050815$lBLL01$h1456
=CAT  \\$a10746$b40$c20050816$lBLL01$h1651
=CAT  \\$a9572$b40$c20061220$lBLL01$h1748
=CAT  \\$a11249$b40$c20070112$lBLL01$h0901
=CAT  \\$aWR16_021$c20160611$lBLL01$h2014
=FIN  \\$aY$d20050816
=LAS  \\$aWR16_021$b00$c20160611$lBLL01$h2014

