=LDR  01007 as a2200289u  4500
=001  013278112
=003  Uk
=005  20180516160518.0
=007  hd\||||||||||
=008  950421c19579999||||||p|a|\\\\0\\\|||||\\
=FMT  \\$a  SE
=040  \\$aUk$cUk$dUk
=245  00$aPolityka.
=336  \\$atext$2rdacontent
=337  \\$amicroform$2rdamedia
=338  \\$amicrofilm reel$2rdacarrier
=866  \\$aNewspapers: rok. 1, no. 2- (6 March 1957- ); Microfilm holdings only. Some issues are held in print only. See separate record for print holdings.
=852  41$31957-1970; 2002-2017$aBritish Library$bHMNTS$jMFM.MF1214D$z- Dec 2017$zMicroform.
=852  \\$aBritish Library$bHMNTS$cSPHOA
=CAT  \\$aCONV$b00$c20040502$lBLL01$h1055
=CAT  \\$a6537$b40$c20050823$lBLL01$h1158
=CAT  \\$a8255$b40$c20050823$lBLL01$h1415
=CAT  \\$a8323N$b50$c20180516$lBLL01$h1559
=CAT  \\$a8323N$b40$c20180516$lBLL01$h1605
=FIN  \\$aY$d20050823
=TCO  \\$aZZZ$c008
=LAS  \\$a8323N$b40$c20180516$lBLL01$h1605

