=LDR  01285 as a2200349u  4500
=001  013278115
=003  Uk
=005  20201017092642.0
=007  hd\||||||||||
=008  950421c19829999||||||p|a|\\\\0\\\||pol\\
=FMT  \\$a  SE
=040  \\$aUk$cUk$dUk
=130  0\$aRzeczpospolita (1982)
=245  10$aRzeczpospolita.
=336  \\$atext$2rdacontent
=337  \\$amicroform$2rdamedia
=338  \\$amicrofilm reel$2rdacarrier
=362  0\$a[Rok. 1], no. 1- = 14 Jan. 1982-
=500  \\$aMicrofilm
=866  \\$aNewspapers: 14 Jan. 1982- ; Microfilm holdings only. Some issues are held in print only. See separate record for print holdings.
=883  0\$aLanguage codes assigned by Bayesian analysis of words present in record$d20200826$qUk$c0.9919
=852  41$32002-2017$aBritish Library$bHMNTS$jMFM.MF1214W$z2002 - Dec 2017$zMicroform.
=852  \\$aBritish Library$bHMNTS$cSPHOA
=985  \\$aUpgraded by BSS-generated file for WR2009-0365
=CAT  \\$aCONV$b00$c20040502$lBLL01$h1055
=CAT  \\$a6537$b40$c20050823$lBLL01$h1159
=CAT  \\$a6537$b40$c20050823$lBLL01$h1202
=CAT  \\$a8323$b40$c20180516$lBLL01$h0853
=CAT  \\$aW2009-0365$b00$c20201017$lBLL01$h0926
=FIN  \\$aY$d20050823
=TCO  \\$aZZZ$c008
=LAS  \\$aW2009-0365$b00$c20201017$lBLL01$h0926

