=LDR  02312 am a2200601 a 4500
=001  013280562
=003  Uk
=005  20140509140626.0
=008  040322m20042012it\a\\\\\b\\\|0|1\0|eng\\
=FMT  \\$a  BK
=010  \\$a2004424835
=020  \\$a8884981468 (v. 1 : pbk.)
=020  \\$a9788863723229 (v. 2 : pbk.)
=020  \\$a9788863724806 (v. 3 : pbk.)
=035  \\$a(CStRLIN)TXKA04-B391
=040  \\$aDLC$cDLC$dDLC$dUk
=041  0\$aeng$aita$ager
=042  \\$aukblsr
=043  \\$ae-it---
=050  00$aDG445$b.R83 2004
=082  04$a945.05$223
=100  1\$aRubinstein, Nicolai.
=245  10$aStudies in Italian history in the Middle Ages and the Renaissance /$cNicolai Rubenstein ; edited by Giovanni Ciapelli.
=260  \\$aRoma :$bEdizioni di storia e letteratura,$c2004-2012.
=300  \\$a3 v. :$bill. ;$c24 cm.
=336  \\$atext$2rdacontent
=337  \\$aunmediated$2rdamedia
=338  \\$avolume$2rdacarrier
=490  1\$aStoria e letteratura ;$v216, 272, 281
=546  \\$aChapters in English, Italian or German.
=500  \\$aVolume II published in 2011.
=505  0\$aI. Political thought and the language of politics: art and politics -- II. Politics, diplomacy and the constitution in Florence and Italy -- III. Humanists, Machiavelli, Guicciardini.
=504  \\$aIncludes bibliographical references and index.
=651  \0$aItaly$xCivilization$y1268-1559.
=650  \0$aPolitical science$zItaly$xHistory.
=650  \0$aHistoriography$zItaly$xHistory.
=650  \0$aArt$xPolitical aspects$zItaly$xHistory.
=700  1\$aCiappelli, Giovanni.
=830  \0$aStoria e letteratura (Edizioni di storia e letteratura) ;$v216, 272, 281.
=852  41$aBritish Library$bHMNTS$jYF.2014.a.11190
=852  41$aBritish Library$bHMNTS$ivol. 3
=852  41$aBritish Library$bHMNTS$jYF.2005.a.26731
=CAT  \\$a5521$b40$c20050824$lBLL01$h1624
=CAT  \\$a5521$b40$c20050824$lBLL01$h1626
=CAT  \\$a5521$b40$c20050826$lBLL01$h0947
=CAT  \\$a6098$b40$c20120509$lBLL01$h1423
=CAT  \\$a10905$b40$c20120726$lBLL01$h1100
=CAT  \\$a5521$b40$c20130517$lBLL01$h1605
=CAT  \\$a11250$b40$c20140509$lBLL01$h1402
=CAT  \\$a11250$b40$c20140509$lBLL01$h1406
=FIN  \\$aY$d20050824
=SID  \\$aZ39$bLOC
=LAS  \\$a11250$b40$c20140509$lBLL01$h1406

