=LDR  01492 am a22003857a 4500
=001  013282378
=003  Uk
=005  20130625115202.0
=008  050830s2004\\\\fr\a\\\\\b\\\\101\0\eng\\
=FMT  \\$a  BK
=020  \\$a2730211411 (v. 1 : pbk.)
=020  \\$a273021142X (v. 2 : pbk.)
=040  \\$aUk$beng$cUk
=111  2\$aInternational Conference on Flow-Induced Vibrations$n(8th :$d2004 :$cParis, France)
=CNF  \\$aFlow-induced vibration (International conference)$n(8th :$d2004 Jul :$cParis)
=245  00$aFlow-induced vibration :$bproceedings of the 8th International conference on flow-induced vibration : FIV2004 : Paris, France, 6-9 July 2004 /$cedited by E. de Langre, F. Axisa.
=260  \\$a[Palaiseau?] :$bFIV 2004,$c2004.
=300  \\$a2 v. (various pagings) :$bill. ;$c24 cm. +$e1 CD-ROM.
=336  \\$atext$2rdacontent
=337  \\$aunmediated$2rdamedia
=338  \\$avolume$2rdacarrier
=591  \\$aPapers. Also held on CD-ROM.
=653  1\$aFlow-induced vibration
=653  1\$aFIV
=700  1\$aLangre, Emmanuel de.
=700  1\$aAxisa, François,$d1941-
=852  41$aBritish Library$bDSC$mVm05/.50576
=852  41$aBritish Library$bDSC$jVm05/.50577
=852  41$aBritish Library$bDSC$jVm05/.50578
=CAT  \\$a11409$b40$c20050830$lBLL01$h1532
=CAT  \\$a11245$b40$c20051010$lBLL01$h0928
=CAT  \\$a11245$b40$c20051010$lBLL01$h1355
=CAT  \\$a8964$b40$c20130625$lBLL01$h1152
=FIN  \\$aY$d20051010
=LAS  \\$a8964$b40$c20130625$lBLL01$h1152

