=LDR  02191cam a2200577 a 4500
=001  013282621
=003  Uk
=005  20221231211252.0
=008  050826s2006\\\\ctua\\\\\be\\\001\0\eng\\
=FMT  \\$a  BK
=015  \\$aGBA572943$2bnb
=016  7\$a013282621$2Uk
=020  \\$a0313335842 (set) :$c£140.00
=020  \\$a0313335850 (v. 1) :$cNo price
=020  \\$a0313335869 (v. 2) :$cNo price
=040  \\$aStDuBDS$beng$cStDuBDS$dUk
=042  \\$aukblsr
=082  04$a330.03$222
=100  10$aO'Connor, David E.$q(David Edward)
=245  10$aEncyclopedia of the global economy :$ba guide for students and researchers /$cDavid E. O'Connor.
=260  \\$aWestport, Conn. ;$aLondon :$bGreenwood,$c2006.
=300  \\$a2 v. :$bill. ;$c27 cm.
=336  \\$atext$2rdacontent
=337  \\$aunmediated$2rdamedia
=338  \\$avolume$2rdacarrier
=504  \\$aIncludes bibliographical references and index.
=500  \\$aFormerly CIP.$5Uk
=540  \\$aCurrent Copyright Fee: GBP30.00$c0$5Uk
=650  \0$aEconomic history$vEncyclopedias.
=650  \0$aInternational economic relations$vEncyclopedias.
=650  \0$aGlobalization$xEconomic aspects$vEncyclopedias.
=690  7\$aManagement and Business Studies$2blcoll
=852  41$aBritish Library$bDSC$cQ$jQ330.03$ivol. 1
=852  \\$aBritish Library$bDSC$cQ
=852  41$aBritish Library$bDSC$cQ$jQ330.03$ivol. 2
=CAT  \\$aBATCH-CIP$b00$c20050830$lBLL01$h1700
=CAT  \\$c20050830$lBLL01$h1704
=CAT  \\$c20050830$lBLL01$h1723
=CAT  \\$a11250$b40$c20061122$lBLL01$h0851
=CAT  \\$a11250$b40$c20061122$lBLL01$h0855
=CAT  \\$aBATCH$b00$c20090624$lBLL01$h1704
=CAT  \\$aWR16_021$c20160612$lBLL01$h1937
=CAT  \\$aBATCH-UPD$b00$c20160612$lBLL01$h1940
=CAT  \\$aBATCH-CLAB$c20220330$lBLL01$h1733
=CAT  \\$aIPL-CLA$c20220331$lBLL01$h2233
=CAT  \\$aBATCH-CLAB$c20221217$lBLL01$h1731
=CAT  \\$aIPL-CLA$c20221231$lBLL01$h2112
=CFI  0\$aCurrent Copyright Fee: GBP30.00$c0$e01-jan-2023$fGBP30.00$g0$hC$5Uk
=CFI  2\$aBritish Library not licensed to copy$c0$e01-apr-2022$hC$iCFP Excluded$5Uk
=FIN  \\$aY$d20061122
=LAS  \\$aIPL-CLA$b00$c20221231$lBLL01$h2112

