=LDR  03641cam a2200937 a 4500
=001  013290993
=003  Uk
=005  20230926011532.0
=008  050901m19862005miu\\\\\\b\\\\001\0\eng\\
=FMT  \\$a  BK
=010  \\$a84029348
=015  \\$aGBA576701$2bnb
=020  \\$a9780879079799 (v. 1 : cased)
=020  \\$a0879078790 (v. 1 : cased)
=020  \\$a9780879079796 (v. 1 : pbk.)
=020  \\$a0879079797 (v. 1 : pbk.)
=020  \\$a9789879077068 (v. 2 : cased)
=020  \\$a0879077069 (v. 2 : pbk.)
=040  \\$aUk$beng$cUk
=041  1\$aeng$hfre
=042  \\$aukblsr
=082  0\$a231.15$222
=100  1\$aŠpidlík, Tomáš.
=240  10$aSpiritualité de l'Orient chrétien.$lEnglish
=245  14$aThe spirituality of the Christian East /$cby Tomáš Špidlík ; translated by Anthony P. Gythiel.
=260  \\$aKalamazoo, Mich. :$bCistercian Publications,$c1986-2005.
=300  \\$a2 v. ;$c22 cm.
=336  \\$atext$2rdacontent
=337  \\$aunmediated$2rdamedia
=338  \\$avolume$2rdacarrier
=490  1\$aCistercian studies series ;$vno. 79, 206
=500  \\$aTranslation of: La spiritualité de l'Orient chrétien.
=504  \\$aIncludes bibliographical references and indexes.
=505  0\$gv. 1. Systematic handbook -- v. 2. Prayer.
=540  \\$aBritish Library not licensed to copy$c0$5Uk
=540  \\$aBritish Library not licensed to copy$c0$5Uk
=610  20$aOrthodox Eastern Church$xDoctrines.
=650  \0$aSpirituality$xOrthodox Eastern Church.
=650  \0$aSpirituality$xEastern churches.
=650  \0$aEastern churches$xDoctrines.
=830  \0$aCistercian studies series ;$vno. 79, 206.
=852  41$aBritish Library$bDSC$ivol. 2
=852  41$aBritish Library$bOC$jORW.1993.a.2849$ivol. 1
=852  41$aBritish Library$bDSC$j3267.686000$ivol. 1
=CAT  \\$a10746$b40$c20050912$lBLL01$h1448
=CAT  \\$a10746$b40$c20050912$lBLL01$h1502
=CAT  \\$aglobal_upd$b40$c20060417$lBLL01$h1528
=CAT  \\$aBATCH$b00$c20091123$lBLL01$h0336
=CAT  \\$aBATCH$b00$c20091217$lBLL01$h0400
=CAT  \\$aBATCH$b00$c20100103$lBLL01$h1154
=CAT  \\$aBATCH-UPD$b00$c20100421$lBLL01$h2305
=CAT  \\$aBATCH-UPD$b00$c20100703$lBLL01$h0247
=CAT  \\$aBATCH-CLA$b00$c20201231$lBLL01$h0110
=CAT  \\$aBATCH-CLAB$c20220330$lBLL01$h1536
=CAT  \\$aBATCH-CLA$b00$c20220331$lBLL01$h0135
=CAT  \\$aBATCH-CLAB$c20220627$lBLL01$h2046
=CAT  \\$aBATCH-CLA$b00$c20220628$lBLL01$h0116
=CAT  \\$aBATCH-CLAB$c20220908$lBLL01$h1321
=CAT  \\$aBATCH-CLA$b00$c20220909$lBLL01$h0131
=CAT  \\$aBATCH-CLAB$c20221217$lBLL01$h1712
=CAT  \\$aBATCH-CLA$b00$c20221218$lBLL01$h0816
=CAT  \\$aBATCH-CLAB$c20230324$lBLL01$h1250
=CAT  \\$aBATCH-CLA$b00$c20230325$lBLL01$h0130
=CAT  \\$aBATCH-CLAB$c20230601$lBLL01$h1217
=CAT  \\$aBATCH-CLA$b00$c20230602$lBLL01$h0118
=CAT  \\$aS2306_0332$c20230613$lBLL01$h0906
=CAT  \\$aBATCH-CLA$b00$c20230614$lBLL01$h0122
=CAT  \\$aBATCH-CLAB$c20230907$lBLL01$h1657
=CAT  \\$aBATCH-CLA$b00$c20230908$lBLL01$h0120
=CAT  \\$a12654$b40$c20230925$lBLL01$h1222
=CAT  \\$aBATCH-CLA$b00$c20230926$lBLL01$h0115
=CFI  0\$aBritish Library not licensed to copy$c0$e07-sep-2011$hC$iTX$5Uk
=CFI  0\$aBritish Library not licensed to copy$c0$e07-sep-2011$hC$iTX$5Uk
=FIN  \\$aY$d20050912
=LEO  \\$aMP13.0000594849
=LEO  \\$aMP8.0000147416
=SID  \\$aZ39$bOCLC
=SRC  \\$aHSS01$bbibmp13.200404.2.ab
=SRC  \\$aDSC01$bbibmp8.200404.2.aa
=TCO  \\$aTRS$bCCC$c008
=LAS  \\$aBATCH-CLA$b00$c20230926$lBLL01$h0115

