=LDR  02431 am a2200721 a 4500
=001  013296886
=003  Uk
=005  20210322092910.0
=008  070808m20029999at\a\\\\\b\\\\001\0\eng\c
=FMT  \\$a  BK
=015  \\$aGBA579761$2bnb
=016  7\$a013296886$2Uk
=020  \\$a9780958136341 (v. 1)
=020  \\$a0958136300 (v. 1)
=020  \\$a9780958136334 (v. 3)
=020  \\$a0958136335 (v. 3)
=020  \\$a9780958136341 (v. 4)
=020  \\$a0958136343 (v. 4)
=020  \\$a9780646510101 (v. 5)
=020  \\$a064651010X (v. 5)
=035  \\$a(StEdNL)3946529
=040  \\$aStDuBDS$beng$cUk
=042  \\$aukscp
=082  04$a796.352068$222
=245  00$aGolf architecture :$ba worldwide perspective /$ccompiled and edited by Paul Daley.
=260  \\$aGlen Waverley, Vic. :$bFull Swing Golf,$c2002-
=300  \\$av. :$bill. (chiefly col.) ;$c21 x 28 cm.
=336  \\$atext$2rdacontent
=337  \\$aunmediated$2rdamedia
=338  \\$avolume$2rdacarrier
=504  \\$aIncludes bibliographical references and indexes.
=650  \0$aGolf courses.
=650  \0$aGolf courses$xDesign and construction.
=650  \0$aGolf courses$xMaintenance.
=650  \0$aLandscape architecture.
=700  1\$aDaley, Paul,$d1960-
=852  41$aBritish Library$bHMNTS$ivol. 3
=852  41$aBritish Library$bHMNTS$jLC.31.a.442$ivol. 1
=852  41$aBritish Library$bHMNTS$jLC.31.a.7872$ivol. 4
=852  41$aBritish Library$bHMNTS$jLC.31.a.8084$ivol. 5
=957  \\$r13/11/03$tM/36517-31
=985  \\$aDelivered as BNB#:-GBA579761
=985  \\$aLDL record - ISxN multi-match in BLL01 on Sys IDs:-013296886,013813986
=985  \\$aRationalized by DQ 20060822
=CAT  \\$aBATCH-CIP$b00$c20050920$lBLL01$h1702
=CAT  \\$c20050920$lBLL01$h1706
=CAT  \\$c20050920$lBLL01$h1730
=CAT  \\$a12325$b40$c20060323$lBLL01$h1025
=CAT  \\$a11251$b40$c20070822$lBLL01$h1652
=CAT  \\$a8256$b40$c20071127$lBLL01$h1102
=CAT  \\$a6989$b40$c20100205$lBLL01$h1804
=CAT  \\$a6989$b40$c20100412$lBLL01$h1033
=CAT  \\$aWR16_021$c20160612$lBLL01$h1940
=CAT  \\$a5194$b40$c20210322$lBLL01$h0929
=FIN  \\$aY$d20071127
=LDO  \\$aALDL$bHB$c20070706$d4583476
=LDO  \\$aCIP$bhbk
=LEO  \\$aMP5.0000340604
=SRC  \\$aALDL
=SRC  \\$aLDL
=SRC  \\$aBNB03$bbibmp5.200404.2.aa
=SRC  \\$aLDS01$bbiblm.200404.2.aa
=LAS  \\$a5194$b40$c20210322$lBLL01$h0929

