=LDR  02042pam a2200577 a 4500
=001  013301571
=003  Uk
=005  20080703103136.0
=008  050914s2005\\\\njua\\\\\\\\\\001\0\eng\\
=FMT  \\$a  BK
=015  \\$aGBA582144$2bnb
=016  7\$a013301571$2Uk
=020  \\$a0471776823 (boxed set) :$c£19.99
=020  \\$a0764551949 (pbk.) :$c£14.99
=020  \\$a0764572040 (phrasebook : pbk.) :$c£6.99
=040  \\$aStDuBDS$beng$cStDuBDS$dUk
=041  0\$aeng$aspa
=042  \\$aukblsr
=082  04$a468.2421$222
=100  1\$aWald, Susana.
=245  10$aSpanish for dummies /$cby Susana Wald and the language experts at Berlitz.
=260  \\$aHoboken, N.J. :$bWiley ;$a[Chichester :$bJohn Wiley, distributor],$c[2005?]
=300  \\$a2 v. :$bill. ;$c20 cm. +$e1 audio CD.
=336  \\$atext$2rdacontent
=337  \\$aunmediated$2rdamedia
=338  \\$avolume$2rdacarrier
=490  1\$a--For dummies
=546  \\$aEnglish and Spanish.
=500  \\$aIncludes index.
=505  0\$aBook -- Phrasebook (Spanish phrases for dummies)
=500  \\$aFormerly CIP.$5Uk
=650  \0$aSpanish language$vTextbooks for foreign speakers$xEnglish.
=650  \0$aSpanish language$vConversation$xEnglish.
=650  \0$aSpanish language$xSpoken Spanish.
=710  2\$aBerlitz International, Inc.
=830  \0$a--For dummies.
=852  41$aBritish Library$bHMNTS$jEMC.2008.a.428$ibook
=852  41$aBritish Library$bHMNTS$iphrasebook
=CAT  \\$aBATCH-CIP$b00$c20050927$lBLL01$h1701
=CAT  \\$c20050927$lBLL01$h1704
=CAT  \\$c20050927$lBLL01$h1724
=CAT  \\$a12271$b40$c20060410$lBLL01$h1602
=CAT  \\$a11250$b40$c20080703$lBLL01$h0933
=CAT  \\$a11250$b40$c20080703$lBLL01$h0941
=CAT  \\$a11250$b40$c20080703$lBLL01$h1031
=CAT  \\$aBATCH$b00$c20091217$lBLL01$h0401
=CAT  \\$aBATCH$b00$c20100103$lBLL01$h1156
=CAT  \\$aWR16_021$c20160612$lBLL01$h1941
=CAT  \\$aBATCH-UPD$b00$c20160612$lBLL01$h2028
=FIN  \\$aY$d20080703
=LAS  \\$aBATCH-UPD$b00$c20160612$lBLL01$h2028

