=LDR  01979pam a2200565 a 4500
=001  013301572
=003  Uk
=005  20080703104213.0
=008  050914s2005\\\\njua\\\\\\\\\\001\0\eng\\
=FMT  \\$a  BK
=015  \\$aGBA582145$2bnb
=016  7\$a013301572$2Uk
=020  \\$a0471776831 (boxed set) :$c£19.99
=020  \\$a0764551930 (pbk.) :$c£14.99
=020  \\$a0764572024 (phrasebook : pbk.) :$c£6.99
=040  \\$aStDuBDS$beng$cStDuBDS$dUk
=041  0\$aeng$afre
=042  \\$aukblsr
=082  04$a448.2421$222
=100  1\$aSchmidt, Dodi-Katrin.
=245  10$aFrench for dummies /$cby Dodi-Katrin Schmidt, Michelle M. Williams, Dominique Wenzel.
=260  \\$aHoboken, N.J. :$bWiley ;$a[Chichester :$bJohn Wiley, distributor],$c[2005?]
=300  \\$a2 v. :$bill. ;$c20 cm. +$e1 audio CD.
=336  \\$atext$2rdacontent
=337  \\$aunmediated$2rdamedia
=338  \\$avolume$2rdacarrier
=490  1\$a--For dummies
=546  \\$aEnglish and French.
=500  \\$aIn case.
=500  \\$aIncludes index.
=505  0\$aBook -- Phrasebook (French phrases for dummies)
=500  \\$aFormerly CIP.$5Uk
=650  \0$aFrench language$vTextbooks for foreign speakers$xEnglish.
=650  \0$aFrench language$vConversation and phrase books$xEnglish.
=650  \0$aFrench language$xSpoken French.
=700  1\$aWilliams, Michelle M.
=700  1\$aWenzel, Dominique.
=830  \0$a--For dummies.
=852  41$aBritish Library$bHMNTS$jEMC.2008.a.427$ibook
=852  41$aBritish Library$bHMNTS$iphrasebook
=CAT  \\$aBATCH-CIP$b00$c20050927$lBLL01$h1701
=CAT  \\$c20050927$lBLL01$h1704
=CAT  \\$c20050927$lBLL01$h1724
=CAT  \\$a11250$b40$c20080703$lBLL01$h1042
=CAT  \\$aBATCH$b00$c20091217$lBLL01$h0401
=CAT  \\$aBATCH$b00$c20100103$lBLL01$h1156
=CAT  \\$aWR16_021$c20160612$lBLL01$h1941
=CAT  \\$aBATCH-UPD$b00$c20160612$lBLL01$h2028
=FIN  \\$aY$d20080703
=LAS  \\$aBATCH-UPD$b00$c20160612$lBLL01$h2028

