=LDR  01715pam a2200517 a 4500
=001  013301920
=003  Uk
=005  20060815090356.0
=008  060809s2006\\\\stk\\\\\\e\\\\001\0\eng\c
=FMT  \\$a  BK
=015  \\$aGBA582493$2bnb
=016  7\$a013301920$2Uk
=020  \\$a0748612653 (hbk.)
=020  \\$a9780748612659 (hbk.)
=035  \\$a(StEdNL)3866962
=040  \\$aStDuBDS$dEdNL$dUk
=042  \\$aukscp
=082  04$a616.891703$222
=245  04$aThe Edinburgh international encyclopaedia of psychoanalysis /$cgeneral editor Ross M. Skelton.
=246  13$aInternational encyclopaedia of psychoanalysis
=260  \\$aEdinburgh :$bEdinburgh University Press,$cc2006.
=300  \\$ax, 518 p. ;$c25 cm.
=336  \\$atext$2rdacontent
=337  \\$aunmediated$2rdamedia
=338  \\$avolume$2rdacarrier
=500  \\$aIncludes index.
=500  \\$aFormerly CIP.$5Uk
=650  \0$aPsychoanalysis$vEncyclopedias.
=700  1\$aSkelton, Ross M.
=852  41$aBritish Library$bHMNTS$kHLR$h616.891703
=852  41$aBritish Library$bDSC$jQ616.891703
=852  41$aBritish Library$bHMNTS$jYK.2006.b.5084
=CAT  \\$aBATCH-CIP$b00$c20050927$lBLL01$h1702
=CAT  \\$c20050927$lBLL01$h1705
=CAT  \\$c20050927$lBLL01$h1724
=CAT  \\$c20060406$lBLL01$h0955
=CAT  \\$c20060406$lBLL01$h1006
=CAT  \\$c20060505$lBLL01$h0953
=CAT  \\$c20060505$lBLL01$h1004
=CAT  \\$aBATCH-LDL$b00$c20060815$lBLL01$h0029
=CAT  \\$aBATCH$b00$c20060815$lBLL01$h0030
=CAT  \\$aBATCH-LDL$b00$c20060815$lBLL01$h0031
=CAT  \\$a6605$b40$c20060815$lBLL01$h0903
=CAT  \\$aWR16_021$c20160612$lBLL01$h1941
=FIN  \\$aY$d20060815
=LAS  \\$aWR16_021$b00$c20160612$lBLL01$h1941

