=LDR  01731 as a22004457a 4500
=001  013302747
=003  Uk
=005  20101102090749.0
=007  ta
=008  050928d2005200uenkar\p\\\\\\\0\\\a0eng\\
=FMT  \\$a  SE
=040  \\$aUk$beng$cUk$dUk
=082  04$a658.408$222
=110  2\$aVodafone Group.
=240  10$aCorporate responsibility report (Vodafone Group)
=245  10$aCorporate responsibility report :$bfor the year ended 31 March ... /$cVodafone Group Plc.
=260  \\$aNewbury :$bVodafone Group,$c2005-
=300  \\$av. :$bcol. ill., ports. (some col.) ;$c30 cm.
=310  \\$aAnnual
=336  \\$atext$2rdacontent
=337  \\$aunmediated$2rdamedia
=338  \\$avolume$2rdacarrier
=362  0\$a2005-
=362  1\$aCeased in 2008?
=610  20$aVodafone Group$vPeriodicals.
=650  \0$aSocial responsibility of business$vPeriodicals.
=690  7\$aManagement and Business Studies$2blcoll
=780  00$aVodafone Group.$sCorporate social responsibility report (Vodafone Group)
=785  00$aVodafone Group.$tVodafone Group Plc sustainability report
=852  41$aBritish Library$bSTI$cRES$3Earlier issues
=852  11$aBritish Library$bSTI$cBIPC$jTrade Literature Collection$32004/2005-2008***Current issue
=CAT  \\$a8124$b40$c20050928$lBLL01$h1334
=CAT  \\$a10743$b40$c20051005$lBLL01$h0902
=CAT  \\$a3072$b40$c20060815$lBLL01$h1616
=CAT  \\$aBATCH$b00$c20090624$lBLL01$h1705
=CAT  \\$a8124$b40$c20101102$lBLL01$h0907
=FIN  \\$aY$d20050928
=LKR  \\$aPAR$b011806454$lBLL01$r78000$mCorporate responsibility report : for the year ended 31 March .../$nCorporate social responsibility report /
=TCO  \\$aCLA$bCLA$c008
=LAS  \\$a8124$b40$c20101102$lBLL01$h0907

