=LDR  02674cam a2200673 a 4500
=001  013306492
=003  Uk
=005  20220331223412.0
=008  050624s2006\\\\xxua\\\\\b\\\\001\0\eng\\
=FMT  \\$a  BK
=015  \\$aGBA584262$2bnb
=016  7\$a013306492$2Uk
=020  \\$a9781405114851 (set) :$c£600.00
=020  \\$a1405114851 (set) :$c£600.00
=040  \\$aStDuBDS$beng$cStDuBDS$dUk
=042  \\$aukblsr
=082  04$a415$222
=245  04$aThe Blackwell companion to syntax /$cedited by Martin Everaert and Henk van Riemsdijk ; with editorial assistance from Rob Goedemans and Bart Hollebrandse.
=260  \\$aMalden, Mass. ;$aOxford :$bBlackwell Pub.,$c2006.
=300  \\$a5 v. :$bill. ;$c26 cm. +$e1 CD-ROM.
=336  \\$atext$2rdacontent
=337  \\$aunmediated$2rdamedia
=338  \\$avolume$2rdacarrier
=490  1\$aBlackwell handbooks in linguistics
=504  \\$aIncludes bibliographical references and index.
=500  \\$aFormerly CIP.$5Uk
=540  \\$aCurrent Copyright Fee: GBP32.00$c0$5Uk
=650  \0$aGrammar, Comparative and general$xSyntax.
=700  1\$aEveraert, Martin.
=700  1\$aRiemsdijk, Henk C. van.
=830  \0$aBlackwell handbooks in linguistics.
=852  41$aBritish Library$bDSC$jVm06/.50118$iCD-ROM
=852  41$aBritish Library$bDSC$jVm06/.50113$ivol. 1
=852  41$aBritish Library$bDSC$jVm06/.50114$ivol. 2
=852  41$aBritish Library$bDSC$jVm06/.50115$ivol. 3
=852  41$aBritish Library$bDSC$jVm06/.50116$ivol. 4
=852  41$aBritish Library$bDSC$jVm06/.50117$ivol. 5
=852  41$aBritish Library$bHMNTS$jEMC.2006.a.355$ivol. 1
=852  41$aBritish Library$bHMNTS$jEMC.2006.a.356$ivol. 2
=852  41$aBritish Library$bHMNTS$jEMC.2006.a.357$ivol. 3
=852  41$aBritish Library$bHMNTS$jEMC.2006.a.358$ivol. 4
=852  41$aBritish Library$bHMNTS$jEMC.2006.a.359$ivol. 5
=852  41$aBritish Library$bHMNTS$iCD-ROM
=CAT  \\$aBATCH-CIP$b00$c20051004$lBLL01$h1701
=CAT  \\$c20051004$lBLL01$h1716
=CAT  \\$c20051103$lBLL01$h1505
=CAT  \\$c20051103$lBLL01$h1516
=CAT  \\$a11250$b40$c20060208$lBLL01$h1607
=CAT  \\$a11250$b40$c20060208$lBLL01$h1608
=CAT  \\$a11250$b40$c20060208$lBLL01$h1630
=CAT  \\$aBATCH$b00$c20091217$lBLL01$h0402
=CAT  \\$aBATCH$b00$c20100103$lBLL01$h1156
=CAT  \\$aBATCH-UPD$b00$c20150419$lBLL01$h2159
=CAT  \\$aWR16_021$c20160612$lBLL01$h1942
=CAT  \\$aBATCH-CLAB$c20220330$lBLL01$h1541
=CAT  \\$aIPL-CLA$c20220331$lBLL01$h2234
=CFI  0\$aCurrent Copyright Fee: GBP32.00$c0$e01-apr-2022$fGBP32.00$g0$hC$5Uk
=FIN  \\$aY$d20060208
=LAS  \\$aIPL-CLA$b00$c20220331$lBLL01$h2234

