=LDR  01531 am a2200457 a 4500
=001  013307320
=003  Uk
=005  20060424143742.0
=008  050822s2005\\\\sz\\\\\\\b\\\\001\0\eng\\
=FMT  \\$a  BK
=010  \\$a2005053632
=020  \\$a9783764372934
=020  \\$a3764372931
=020  \\$a3764373970 (e-book)
=040  \\$aDLC$cDLC$dUk
=042  \\$aukblsr
=050  00$aQA377$b.R687 2005
=082  00$a515.353$222
=100  1\$aRoubiček, Tomáš,$d1956-
=245  10$aNonlinear partial differential equations with applications /$cTomáš Roubíček.
=260  \\$aBasel :$bBirkhäuser,$cc2005.
=300  \\$axviii, 405 p.$bill.$c24 cm.
=336  \\$atext$2rdacontent
=337  \\$aunmediated$2rdamedia
=338  \\$avolume$2rdacarrier
=490  1\$aInternational series of numerical mathematics ;$vv. 153
=504  \\$aIncludes bibliographical references and index.
=650  \0$aDifferential equations, Partial.
=650  \0$aDifferential equations, Nonlinear.
=650  \0$aContinuum mechanics.
=650  \0$aThermodynamics.
=830  \0$aInternational series of numerical mathematics ;$vv. 153
=852  11$aBritish Library$bDSC$k(B)$h515.353$iv. 153
=852  41$aBritish Library$bHMNTS$jYK.2006.a.10989
=CAT  \\$a8197$b40$c20051005$lBLL01$h1213
=CAT  \\$a6933$b40$c20060424$lBLL01$h1437
=CAT  \\$aBATCH$b00$c20091217$lBLL01$h0402
=CAT  \\$aBATCH$b00$c20100103$lBLL01$h1156
=FIN  \\$aY$d20051005
=SID  \\$aZ39$bLOC
=LAS  \\$aBATCH$b00$c20100103$lBLL01$h1156

