=LDR  05861pam a2201321 a 4500
=001  013310640
=003  Uk
=005  20080904144414.0
=008  050704m20062007enka\\\\\\\\\\000\c\eng\\
=FMT  \\$a  BK
=015  \\$aGBA585905$2bnb
=016  7\$a013310640$2Uk
=020  \\$a9780575078277 (v. 1 : pbk.) :$c£4.99
=020  \\$a0575078278 (v. 1 : pbk.) :$c£4.99
=020  \\$a057507843X (v. 2 : pbk.) :$c£4.99
=020  \\$a9780575078444 (v. 3 : pbk.) :$c£4.99
=020  \\$a0575078448 (v. 3 : pbk.) :$c£4.99
=020  \\$a9780575078451 (v. 4 : pbk.) :$c£4.99
=020  \\$a0575078456 (v. 4 : pbk.) :$c£4.99
=020  \\$a9780575078468 (v. 5 : pbk.) :$c£4.99
=020  \\$a0575078464 (v. 5 : pbk.) :$c£4.99
=020  \\$a9780575078475 (v. 6 : pbk.) :$c£4.99
=020  \\$a0575078472 (v. 6 : pbk.) :$c£4.99
=020  \\$z97805750784842 (v. 7 : pbk.) :$cNo price
=020  \\$a0575078480 (v. 7 : pbk.) :$c£4.99
=020  \\$a9780575079984 (v. 8 : pbk.) :$c£4.99
=020  \\$a0575079983 (v. 8 : pbk.) :$c£4.99
=020  \\$a9780575079991 (v. 9 : pbk.) :$c£4.99
=020  \\$a0575079991 (v. 9 : pbk.) :$c£4.99
=020  \\$a9780575080003 (v. 10 : pbk.) :$c£5.99
=020  \\$a0575080000 (v. 10 : pbk.) :$c£5.99
=020  \\$a9780575080010 (v. 11 : pbk.) :$c£5.99
=020  \\$a0575080019 (v. 11 : pbk.) :$c£5.99
=020  \\$a9780575080720 (v. 12 : pbk.) :$c£5.99
=020  \\$a9780575080744 (v. 13 : pbk.) :$c£5.99
=020  \\$a0575080744 (v. 13 : pbk.) :$c£5.99
=020  \\$a9780575080751 (v. 14 : pbk.) :$c£5.99
=020  \\$a0575080752 (v. 14 : pbk.) :$c£5.99
=020  \\$a9780575080768 (v. 15 : pbk.) :$c£5.99
=020  \\$a0575080760 (v. 15 : pbk.) :$c£5.99
=020  \\$a9780575080775 (v. 16 : pbk.) :$c£5.99
=020  \\$a0575080779 (v. 16 : pbk.) :$c£5.99
=040  \\$aStDuBDS$beng$cStDuBDS$dUk
=041  1\$aeng$hjpn
=042  \\$aukblsr
=082  04$a741.5952$222
=100  1\$aWatsuki, Nobuhiro.
=240  10$aRurōni kenshin.$lEnglish
=245  10$aRurouni Kenshin :$bMeiji swordsman romantic story /$cstory and art by Nobuhiro Watsuki ; [English adaptation, Gerard Jones].
=246  30$aMeiji swordsman romantic story
=250  \\$aGollancz ed.
=260  \\$aLondon :$bGollancz Manga,$c2006-2007.
=300  \\$a16 v. :$bchiefly ill. ;$c19 cm.
=336  \\$atext$2rdacontent
=337  \\$aunmediated$2rdamedia
=338  \\$avolume$2rdacarrier
=490  1\$aShonen Jump graphic novel
=500  \\$aTranslated from the Japanese.
=500  \\$a"This book reads from right to left"--Back cover.
=500  \\$aNo more published under this imprint.
=500  \\$a"First published in Japan in 1994 by Shueisha, ... Tokyo"--Vol. 1, t.p. verso.
=505  1\$av. 1. Meiji swordsman romantic story -- v. 2. The two Hitokori -- v. 3. A reason to act -- v. 4. Dual conclusions -- v. 5. The state of Meiji swordsmanship -- v. 6. No worries -- v. 7. In the 11th year of Meiji, May 14th -- v. 8. On the East Sea Road -- v. 9. Arrival in Kyoto -- v. 10. Mitsurgi, master and student -- v. 11. Overture to destruction -- v. 12. The great Kyoto fire -- v. 13. A beautiful night -- v. 14. The time is now -- v. 15. The great man vs. the giant -- v. 16. Providence..
=500  \\$aFormerly CIP.$5Uk
=650  \0$aSwordsmen$vFiction.
=651  \0$aTokyo (Japan)$vFiction.
=651  \0$aJapan$vFiction.
=655  \0$aGraphic novels.
=655  \0$aYoung adult fiction.
=650  \0$aComic books, strips, etc.$zJapan.
=650  \0$aPacifists$zJapan$vComic books, strips, etc.$vFiction.
=700  1\$aJones, Gerard,$d1957-
=830  \0$aShonen Jump graphic novel.
=852  41$aBritish Library$bHMNTS$jYK.2007.a.19000$ivol. 9
=852  41$aBritish Library$bHMNTS$jYK.2007.a.19001$ivol. 10
=852  41$aBritish Library$bHMNTS$jYK.2007.a.5312$ivol. 5
=852  41$aBritish Library$bHMNTS$jYK.2007.a.5313$ivol. 6
=852  41$aBritish Library$bHMNTS$jYK.2007.a.5309$ivol. 2
=852  41$aBritish Library$bHMNTS$jYK.2007.a.5314$ivol. 7
=852  41$aBritish Library$bHMNTS$jYK.2007.a.5308$ivol. 1
=852  41$aBritish Library$bHMNTS$jYK.2007.a.5310$ivol. 3
=852  41$aBritish Library$bHMNTS$jYK.2007.a.5311$ivol. 4
=852  41$aBritish Library$bHMNTS$jYK.2008.a.2363$ivol. 14
=852  41$aBritish Library$bHMNTS$jYK.2007.a.19002$ivol. 11
=852  41$aBritish Library$bHMNTS$jYK.2007.a.19003$ivol. 12
=852  41$aBritish Library$bHMNTS$jYK.2007.a.18999$ivol. 8
=852  41$aBritish Library$bHMNTS$jYK.2007.a.20922$ivol. 13
=852  41$aBritish Library$bHMNTS$jYK.2008.a.4811$ivol. 15
=852  41$aBritish Library$bHMNTS$ivol. 16
=CAT  \\$aBATCH-CIP$b00$c20051011$lBLL01$h1701
=CAT  \\$c20051011$lBLL01$h1703
=CAT  \\$c20051011$lBLL01$h1717
=CAT  \\$a8332$b40$c20060419$lBLL01$h1352
=CAT  \\$a11317$b40$c20070402$lBLL01$h1444
=CAT  \\$a11317$b40$c20070403$lBLL01$h1409
=CAT  \\$a12324$b40$c20071101$lBLL01$h1449
=CAT  \\$a11317$b40$c20071105$lBLL01$h1300
=CAT  \\$a11317$b40$c20071206$lBLL01$h1408
=CAT  \\$a10812$b40$c20080204$lBLL01$h1149
=CAT  \\$a11317$b40$c20080206$lBLL01$h1345
=CAT  \\$a11168$b40$c20080304$lBLL01$h1530
=CAT  \\$a11317$b40$c20080418$lBLL01$h0829
=CAT  \\$a11317$b40$c20080418$lBLL01$h0831
=CAT  \\$a11251$b40$c20080625$lBLL01$h1447
=CAT  \\$a8178$b40$c20080829$lBLL01$h0924
=CAT  \\$a11029$b40$c20080830$lBLL01$h1031
=CAT  \\$a11317$b40$c20080904$lBLL01$h1434
=CAT  \\$a11317$b40$c20080904$lBLL01$h1444
=CAT  \\$aBATCH$b00$c20091217$lBLL01$h0402
=CAT  \\$aBATCH$b00$c20100103$lBLL01$h1157
=CAT  \\$aBATCH-UPD$b00$c20150520$lBLL01$h2126
=CAT  \\$aWR16_021$c20160612$lBLL01$h1943
=FIN  \\$aY$d20070402
=LAS  \\$aWR16_021$b00$c20160612$lBLL01$h1943

