=LDR  01606 am a2200469 a 4500
=001  013323473
=003  Uk
=005  20060106103754.0
=008  051004s2004\\\\enk\\\\\\b\\\\000\0\eng\\
=FMT  \\$a  BK
=015  \\$aGBA611317$2bnb
=016  7\$a013323473$2Uk
=020  \\$a0704911973 (pbk.) :$cNo price
=040  \\$aEQO$beng$cEQO$dUk
=042  \\$aukblsr
=082  04$a973.7092$222
=100  1\$aCarwardine, Richard.
=245  10$aAbraham Lincoln and the Fourth Estate :$bthe White House and the press during the American Civil War /$cRichard Carwardine.
=260  \\$aReading :$bUniversity of Reading,$c2004.
=300  \\$a35 p. ;$c24 cm.
=336  \\$atext$2rdacontent
=337  \\$aunmediated$2rdamedia
=338  \\$avolume$2rdacarrier
=490  1\$aStenton lecture ;$v2004
=504  \\$aIncludes bibliographical references.
=650  \0$aGovernment and the press.
=651  \0$aUnited States$xHistory$yCivil War, 1861-1865$xJournalists
=600  10$aLincoln, Abraham,$d1809-1865.
=830  \0$aStenton lecture ;$v2004.
=852  41$aBritish Library$bDSC$g8464.210000$i2004
=852  41$aBritish Library$bHMNTS$jYC.2006.a.1893
=BGT  \\$at
=CAT  \\$a8457$b40$c20051028$lBLL01$h1114
=CAT  \\$a11325$b40$c20051101$lBLL01$h0931
=CAT  \\$a6191$b40$c20060106$lBLL01$h1037
=CAT  \\$aBATCH$b00$c20091217$lBLL01$h0404
=CAT  \\$aBATCH$b00$c20100103$lBLL01$h1158
=CAT  \\$aBATCH-UPD$b00$c20160225$lBLL01$h2150
=CAT  \\$aWR16_021$c20160612$lBLL01$h1945
=FIN  \\$aY$d20060106.
=SID  \\$aZ39$bOCLC
=LAS  \\$aWR16_021$b00$c20160612$lBLL01$h1945

