=LDR  01175pam a2200385 a 4500
=001  013338275
=003  Uk
=005  20051222093754.0
=008  050923r20062005enk\\\\\\\\\\\000\f\eng\\
=FMT  \\$a  BK
=015  \\$aGBA597504$2bnb
=016  7\$a013338275$2Uk
=020  \\$a9780747578864 (pbk.) :$c£7.99
=020  \\$a0747578869 (pbk.) :$c£7.99
=040  \\$aStDuBDS$beng$cStDuBDS$dUk
=042  \\$aukblsr
=082  04$a823.92$222
=100  1\$aOyeyemi, Helen.
=245  14$aThe Icarus girl /$cHelen Oyeyemi.
=260  \\$aLondon :$bBloomsbury,$c2005$g(2006 printing)
=300  \\$a325 p. ;$c20 cm.
=336  \\$atext$2rdacontent
=337  \\$aunmediated$2rdamedia
=338  \\$avolume$2rdacarrier
=500  \\$aFormerly CIP.$5Uk
=650  \0$aRacially mixed children$vFiction.
=852  \\$aBritish Library$bHMNTS$cSPHOA
=852  41$aBritish Library$bHMNTS$jH.2006/1
=CAT  \\$aBATCH-CIP$b00$c20051115$lBLL01$h1702
=CAT  \\$c20051115$lBLL01$h1704
=CAT  \\$c20051115$lBLL01$h1719
=CAT  \\$a9666$b40$c20051222$lBLL01$h0937
=CAT  \\$aWR16_021$c20160612$lBLL01$h1947
=FIN  \\$aY$d20051222
=LAS  \\$aWR16_021$b00$c20160612$lBLL01$h1947

