=LDR  04065cam a2200781 u 4500
=001  013340847
=003  Uk
=005  20230302180004.0
=008  051121m20019999enkab\\\\b\\\\000\0\eng\\
=FMT  \\$a  BK
=015  \\$aGBA597875$2bnb
=016  7\$a013340847$2Uk
=020  \\$cNo price (spiral)
=040  \\$aUk$beng$cUk
=042  \\$aukblsr
=082  04$a355.709422352$222
=245  04$aThe Western Heights, Dover, Kent.
=260  \\$aSwindon :$bEnglish Heritage,$c2001-
=300  \\$a10 v. :$bill. (some col.), col. maps ;$c30 cm.
=336  \\$atext$2rdacontent
=337  \\$aunmediated$2rdamedia
=338  \\$avolume$2rdacarrier
=490  1\$aArchaeological investigation report series (revision of 2004),$x1478-7008 ;$v25/2001, 26/2001, 28/2001, 29/2001, 30/2001, 31/2001, 5/2002
=504  \\$aIncludes bibliographical references.
=505  1\$areport no. 2: The Citadel : land-front fortress and barracks 1779-1950 / Paul Pattison, Adam Menuge & Andrew Williams -- report no. 4 : The Grand Shaft Barracks : 19th-and 20th-century infantry barracks / Paul Pattison and Andrew Williams -- report no 5. St Martin's Battery/Western Heights Battery : 19th-and 20th-century coast artillery batteries / Paul Pattison and Duncan Garrow -- report no 7. North Centre and Detached Bastions : 19th-century infantry and artillery fortifications / Paul Pattison -- report no. 8. Citadel Battery : late 19th and 20th-century 9.2 inch coast artillery battery / Moraig Brown and Paul Pattison -- report no. 9 : South Front Barracks : 19th and 20th-century infantry barracks / Paul Pattison and Andrew Williams -- report no. 10. Miscellaneous military structures, 1850-1945 / Paul Pattison, Moraig Brown and Andrew Williams.
=540  \\$aCurrent Copyright Fee: GBP25.00$c0$5Uk
=650  \0$aCoast defenses$zEngland$zDover$xHistory.
=651  \0$aDover (England)$xAntiquities.
=651  \0$aDover (England)$xDefenses$xHistory.
=651  \0$aDover (England)$xBuildings, structures, etc.
=700  1\$aPattison, Paul.
=710  2\$aEnglish Heritage.
=710  2\$aNational Monuments Record (England)
=710  2\$aRoyal Commission on Historical Monuments (England)
=830  \0$aArchaeological investigation report series (English Heritage) ;$v25/2001, 26/2001, 28/2001, 29/2001, 30/2001, 31/2001, 5/2002.
=852  41$aBritish Library$bHMNTS$jOPA.2011.x.201$ireport no. 2
=852  41$aBritish Library$bDSC$j1594.747500$iYear 2001:Number 25:Revision 2004
=852  41$aBritish Library$bHMNTS$ireport no. 4
=852  41$aBritish Library$bDSC$j1594.747500$ireport no. 5
=852  41$aBritish Library$bHMNTS$jYC.2005.b.2188$ireport no. 10
=852  41$aBritish Library$bHMNTS$jYC.2005.b.2345$ireport no. 5
=852  41$aBritish Library$bHMNTS$jYC.2005.b.2341$ireport no. 9
=852  41$aBritish Library$bHMNTS$jYC.2005.b.2346$ireport no. 7
=852  41$aBritish Library$bHMNTS$jYC.2005.b.2347$ireport no. 8
=852  41$aBritish Library$bDSC$j1594.747500$i26/2001
=852  41$aBritish Library$bDSC$j1594.747500$i28/2001
=852  41$aBritish Library$bDSC$j1594.747500$i29/2001
=852  41$aBritish Library$bDSC$j1594.747500$i30/2001
=CAT  \\$a11250$b40$c20051121$lBLL01$h1135
=CAT  \\$a11250$b40$c20051121$lBLL01$h1148
=CAT  \\$a11250$b40$c20051121$lBLL01$h1325
=CAT  \\$a11250$b40$c20051209$lBLL01$h1339
=CAT  \\$aglobal_upd$b40$c20060417$lBLL01$h1528
=CAT  \\$aWR16_021$c20160612$lBLL01$h1947
=CAT  \\$aBATCH-CLA$b00$c20201203$lBLL01$h1401
=CAT  \\$aIPL-CLA$c20201231$lBLL01$h2206
=CAT  \\$aBATCH-CLA$b00$c20221206$lBLL01$h1717
=CAT  \\$aIPL-CLA$c20221231$lBLL01$h2116
=CAT  \\$aBATCH-CLA$b00$c20230302$lBLL01$h1800
=CFI  0\$aCurrent Copyright Fee: GBP25.00$c0$e09-feb-2023$fGBP25.00$g0$hC$5Uk
=FIN  \\$aY$d20051121
=LEO  \\$aMP8.0001893091
=LEO  \\$aMP8.0001893103
=LEO  \\$aMP8.0001921875
=LEO  \\$aMP8.0001894881
=SRC  \\$aDSC01$bbibmp8.200404.2.ac
=TCO  \\$aCLA$bCLA$c008
=LAS  \\$aBATCH-CLA$b00$c20230302$lBLL01$h1800

