=LDR  02358 am a2200649 a 4500
=001  013360963
=003  Uk
=005  20070628120849.0
=008  050701s2004\\\\njua\\\\\d\\\\001\0\korr\
=FMT  \\$a  BK
=010  \\$a2003116176
=020  \\$a1565912012 (pbk.)
=040  \\$aMiU-A$cMiU-A$dDSI-F$dCaOTU$dNIC$dUk
=041  0\$akor$aeng
=043  \\$aa-kr---
=050  \4$aN7365$b.D53 2004
=066  \\$c{dollar}1
=082  04$a703.9519$222
=245  00$6880-01$aDictionary of Korean art and archaeology =$bHanʾguk munhwajae yongŏ sajŏn /$cedited by Roderick Whitfield.
=246  31$6880-03$aHanʾguk munhwajae yongŏ sajŏn
=250  \\$6880-02$a1-pʿan.
=260  \\$aElizabeth, N.J. :$bHollym International Corp.,$c2004.
=300  \\$axv, 332 p. :$bill. ;$c19 cm.
=336  \\$atext$2rdacontent
=337  \\$aunmediated$2rdamedia
=338  \\$avolume$2rdacarrier
=546  \\$aKorean and English.
=500  \\$aColophon also in Korean.
=500  \\$a"Chiŭni Kim Kwang-ŏn oe"--Colophon.
=500  \\$aIncludes index.
=650  \0$aArt, Korean$vDictionaries.
=650  \0$aArt, Korean$vDictionaries$xKorean.
=650  \0$aArchaeology$vDictionaries.
=651  \0$aKorea$xAntiquities$vDictionaries.
=651  \0$aKorea$xAntiquities$vDictionaries$xKorean.
=650  \0$aArchaeology$vDictionaries$xKorean.
=700  1\$aWhitfield, Roderick.
=700  1\$6880-04$aKim, Kwang-ŏn.
=880  00$6245-01/{dollar}1$aDictionary of Korean art and archaeology =$b한국 문화재 용어 사전 /$cedited by Roderick Whitfield.
=880  31$6246-03/{dollar}1$a한국 문화재 용어 사전
=880  \\$6250-02/{dollar}1$a1 판.
=880  1\$6700-04/{dollar}1$a김 광언.
=852  41$aBritish Library$bDSC$jQ703.9519
=852  11$aBritish Library$bOC$kOIL$h703.951
=CAT  \\$a11522$b40$c20051214$lBLL01$h1007
=CAT  \\$a11522$b40$c20051214$lBLL01$h1009
=CAT  \\$a1722$b40$c20051219$lBLL01$h1417
=CAT  \\$a1722$b40$c20051219$lBLL01$h1428
=CAT  \\$a1722$b40$c20051219$lBLL01$h1437
=CAT  \\$a1722$b40$c20051219$lBLL01$h1440
=CAT  \\$a1722$b40$c20051219$lBLL01$h1503
=CAT  \\$a7143$b40$c20070628$lBLL01$h1208
=CAT  \\$aBATCH-UPD$b40$c20081003$lBLL01$h0720
=CAT  \\$aBATCH-UPD$b40$c20200629$lBLL01$h2020
=FIN  \\$aY$d20051219
=SID  \\$aZ39$bRLG
=LAS  \\$aBATCH-UPD$b40$c20200629$lBLL01$h2020

