=LDR  03632cam a2200913 a 4500
=001  013368799
=003  Uk
=005  20221231211733.0
=008  050620m20019999enkab\\\\b\\\\000\0\eng\\
=FMT  \\$a  BK
=010  \\$a2005277791
=015  \\$aGBA626111$2bnb
=020  \\$a184217052X (v. 1) :$c£35.00
=020  \\$a1842171380 (v. 2) :$cNo price
=040  \\$aDLC$cDLC$dUk
=041  0\$aeng$bara
=042  \\$aukblsr
=043  \\$aa-sy---
=050  00$aGN778.2.U22+
=082  04$a939.43$222
=245  00$aTell Kosak Shamali :$bthe archaeological investigations on the Upper Euphrates, Syria /$cedited by Yoshihiro Nishiaki and Toshio Matsutani.
=260  \\$aOxford :$bOxbow Books in association with the University Museum, the University of Tokyo ;$c2001-
=300  \\$av. :$bill. (some col.), maps ;$c31 cm.
=336  \\$atext$2rdacontent
=337  \\$aunmediated$2rdamedia
=338  \\$avolume$2rdacarrier
=490  1\$aUMUT monograph ;$v1-2
=546  \\$aText in English, with a summary in Arabic.
=504  \\$aIncludes bibliographical references.
=505  1\$av. 1. Chalcolithic architecture and the earlier prehistoric remains -- v. 2. Chalcolithic technology and subsistence.
=540  \\$aCurrent Copyright Fee: GBP25.00$c0$5Uk
=651  \0$aKosak Shamali, Tell (Syria)
=650  \0$aUbaid culture$zSyria.
=650  \0$aTools, Prehistoric$zSyria.
=650  \0$aBone implements, Prehistoric$zSyria.
=650  \0$aExcavations (Archaeology)$zSyria.
=651  \0$aEuphrates River Valley$xAntiquities.
=651  \0$aSyria$xAntiquities.
=700  1\$aNishiaki, Yoshihiro.
=700  1\$aMatsutani, Toshio.
=710  2\$aTōkyō Daigaku.$bSōgō Kenkyū Hakubutsukan.
=830  \0$aUMUT monograph ;$v1-2.
=852  41$aBritish Library$bDSC$j9083.215000$ino. 2
=852  41$aBritish Library$bDSC$ivol. 2
=852  41$aBritish Library$bHMNTS$jYA.2001.b.4531$ivol. 1
=957  \\$a011101d
=CAT  \\$a8157$b40$c20051229$lBLL01$h1540
=CAT  \\$a11250$b40$c20060222$lBLL01$h1108
=CAT  \\$aBATCH-UPD$b40$c20080927$lBLL01$h2016
=CAT  \\$aBATCH$b00$c20091217$lBLL01$h0409
=CAT  \\$aBATCH$b00$c20100103$lBLL01$h1203
=CAT  \\$aBATCH-UPD$b00$c20141220$lBLL01$h0938
=CAT  \\$aBATCH-CLA$b00$c20141221$lBLL01$h0103
=CAT  \\$aBATCH-CLA$b00$c20161222$lBLL01$h1808
=CAT  \\$aIPL-CLA$c20161230$lBLL01$h2151
=CAT  \\$aBATCH-CLA$b00$c20171222$lBLL01$h2130
=CAT  \\$aIPL-CLA$c20171231$lBLL01$h1650
=CAT  \\$aBATCH-CLA$b00$c20191219$lBLL01$h1735
=CAT  \\$aIPL-CLA$c20191231$lBLL01$h1937
=CAT  \\$aR2001-1524$c20200127$lBLL01$h2015
=CAT  \\$aBATCH-CLA$b00$c20200128$lBLL01$h0452
=CAT  \\$aBATCH-CLA$b00$c20201204$lBLL01$h1537
=CAT  \\$aIPL-CLA$c20201231$lBLL01$h2207
=CAT  \\$aBATCH-CLA$b00$c20221221$lBLL01$h1846
=CAT  \\$aIPL-CLA$c20221231$lBLL01$h2117
=CFI  0\$aCurrent Copyright Fee: GBP25.00$c0$e01-jan-2023$fGBP25.00$g0$hA$5Uk
=CFI  2\$aPrevious Copyright Fee: GBP22.50$c0$e01-jan-2021$fGBP22.50$g0$hA$5Uk
=FIN  \\$aY$d20060222
=LEO  \\$aMP5.0000385291
=LEO  \\$aMP13.0000083754
=LEO  \\$aMP5.0001811864
=SID  \\$aZ39$bLOC
=SRC  \\$aBNB03$bbibmp5.200404.2.aa
=SRC  \\$aHSS01$bbibmp13.200404.2.aa
=SRC  \\$aBNB03$bbibmp5.200404.2.ad
=ACF  \\$aPrevious Copyright Fee: GBP12.30$c0$e01-jan-2014$fGBP12.30$g0$hA$5Uk
=ACF  \\$aPrevious Copyright Fee: GBP15.00$c0$e01-jan-2017$fGBP15.00$g0$hA$5Uk
=ACF  \\$aPrevious Copyright Fee: GBP20.00$c0$e01-jan-2020$fGBP20.00$g0$hA$5Uk
=LAS  \\$aIPL-CLA$b00$c20221231$lBLL01$h2117

