=LDR  02000 cm a2200445 a 4500
=001  013372949
=003  Uk
=005  20090311145650.0
=008  051027s2005\\\\enkzzz\\\\\\\\\n\\\\zxx\d
=FMT  \\$a  MU
=016  \\$a013372949
=020  \\$a0711930651
=020  \\$a9780711930650
=028  32$aAM89784$bWise Publications
=039  0\$a0902
=040  \\$aUk$beng$cUk
=042  \\$aukblsr
=082  04$a786.2$222
=245  00$aPiano moods :$b[a cool collection of solos].
=260  \\$aLondon :$bWise,$cc2005.
=300  \\$a64 p. of music ;$c31 cm.
=336  \\$anotated music$2rdacontent
=337  \\$aunmediated$2rdamedia
=338  \\$avolume$2rdacarrier
=500  \\$a"Sixteen mellow piano solos from the best contemporary musicians"--Cover.
=505  0\$aArise / Lynne Arriale -- Believe beleft below / E.S.T. -- Bye / Elliott Smith -- Farewell to Stromness / Peter Maxwell Davies -- Graceful ghost / George Winston -- Horizon variations / Max Richter -- A leopard's lullaby / Simon Mulligan -- Letter from home / Pat Metheny Group -- Mystic river (main theme) / Clint Eastwood -- Le onde / Ludovico Einaudi -- Promenade sentimentale / Vladimir Cosma -- The heart asks pleasure first : The promise, the sacrifice / Michael Nyman -- River man / Brad Mehldau -- 6/11/98 / Joby Talbot -- Weather storm / Craig Armstrong -- Woodbrook / Micheál O'Súilleabháin.
=650  \0$aPiano music$y20th century.
=650  \0$aPiano music$y21st century.
=852  41$aBritish Library$bMUSIC$jg.1577.uu.(1.)
=852  41$aBritish Library$bDSC$cMUSIC
=CAT  \\$a10876$b40$c20060106$lBLL01$h1052
=CAT  \\$a10876$b40$c20060106$lBLL01$h1053
=CAT  \\$a7568$b40$c20090311$lBLL01$h1456
=CAT  \\$aBATCH-UPD$b40$c20090804$lBLL01$h1332
=CAT  \\$aWR16_021$c20160613$lBLL01$h1805
=CAT  \\$aBATCH-016$c20160905$lBLL01$h1709
=CAT  \\$aW1904-0451$c20190428$lBLL01$h1305
=FIN  \\$aY$d20090311
=SID  \\$aZ39$bOXFORD
=LAS  \\$aW1904-0451$b00$c20190428$lBLL01$h1305

