=LDR  01222pam a2200397 a 4500
=001  013380306
=003  Uk
=005  20060606110057.0
=008  060110s2006\\\\stk\\\\\\d\\\\000\0\eng\\
=FMT  \\$a  BK
=015  \\$aGBA614088$2bnb
=016  7\$a013380306$2Uk
=020  \\$a9780007232307 :$c£30.00
=020  \\$a0007232306 :$c£30.00
=040  \\$aStDuBDS$beng$cStDuBDS$dUk
=042  \\$aukblsr
=082  04$a423$222
=245  00$aCollins English dictionary.
=250  \\$a8th ed., Complete & unabridged ed.
=260  \\$aGlasgow :$bHarperCollins,$c2006.
=300  \\$axiii, 1872, ii p. ;$c28 cm.
=336  \\$atext$2rdacontent
=337  \\$aunmediated$2rdamedia
=338  \\$avolume$2rdacarrier
=500  \\$aPrevious ed.: 2005.
=500  \\$aFormerly CIP.$5Uk
=650  \0$aEnglish language$vDictionaries.
=852  41$aBritish Library$bHMNTS$jYC.2006.b.2289
=852  41$aBritish Library$bHMNTS$cSPHOA$kHUD$mENG
=CAT  \\$aBATCH-CIP$b00$c20060117$lBLL01$h1700
=CAT  \\$c20060117$lBLL01$h1703
=CAT  \\$c20060117$lBLL01$h1717
=CAT  \\$a6328$b40$c20060606$lBLL01$h1100
=CAT  \\$aWR16_021$c20160613$lBLL01$h1806
=FIN  \\$aY$d20060606
=LAS  \\$aWR16_021$b00$c20160613$lBLL01$h1806

