=LDR  05432pam a2201225 a 4500
=001  013380766
=003  Uk
=005  20180703173043.0
=008  040708m20049999orua\\\j\6\\\\000\1\eng\d
=FMT  \\$a  BK
=015  \\$aGBA614548$2bnb
=016  7\$a013380766$2Uk
=020  \\$a9781593070861 (v. 0 : pbk.) :$cNo price
=020  \\$a1593070861 (v. 0 : pbk.) :$cNo price
=020  \\$a9781595824684 (v. 0 : 2nd ed. : pbk.) :$c£10.50
=020  \\$a1595824685 (v. 0 : 2nd ed : pbk.) :$c£10.50
=020  \\$a9781569719985 (v. 1 : pbk.) :$cNo price
=020  \\$a1569719985 (v. 1 : pbk.) :$cNo price
=020  \\$a9781595826244 (v. 1 : 2nd ed. : pbk.)
=020  \\$a9781593071097 (v. 2 : pbk.) :$c£7.99
=020  \\$a1593071094 (v. 2 : pbk.) :$c£7.99
=020  \\$a9781595826169 (v. 2 : 2nd ed. : pbk.)
=020  \\$a1593072929 (v. 3 : pbk.) :$c£7.99
=020  \\$a9781595826251 (v. 3 : 2nd ed. : pbk.)
=020  \\$a1593074565 (v. 4 : pbk.) :$c£9.99
=020  \\$a9781595826176 (v. 4 : 2nd ed. : pbk.)
=020  \\$a9781593076467 (v. 5 : pbk.) :$c£9.99
=020  \\$a1593076460 (v. 5 : pbk.) :$c£9.99
=020  \\$a9781595826268 (v. 5 : 2nd ed. : pbk.) :$c£12.99
=020  \\$a1595826262 (v. 5 : 2nd ed. : pbk.) :$c£12.99
=020  \\$a9781593078331 ([v. 6] : cased) :$c£12.99
=020  \\$a1593078331 ([v. 6] : cased) :$c£12.99
=020  \\$a9781595824066 (v. 6 : pbk.)
=020  \\$a1595824065 (v. 6 : pbk.)
=020  \\$a9781595823113 (v. 7 : pbk.) :$c£11.99
=020  \\$a1595823115 (v. 7 : pbk.) :$c£11.99
=020  \\$a9781595823243 (v. 8 : pbk.) :$c£11.99
=020  \\$a1595823247 (v. 8 : pbk.) :$c£11.99
=020  \\$a9781595823465 (v. 9 : pbk.) :$c£11.99
=020  \\$a1595823468 (v. 9 : pbk.) :$c£11.99
=020  \\$a9781595826435 (v. 10 : pbk.) :$c£12.99
=020  \\$a1595826432 (v. 10 : pbk.) :$c£12.99
=020  \\$a9781595828811 (v. 11 : pbk.) :$c£12.99
=020  \\$a1595828818 (v. 11 : pbk.) :$c£12.99
=035  \\$a(OCoLC)55873069$z(OCoLC)149110052
=040  \\$aStDuBDS$beng$cStDuBDS$dUk
=042  \\$aukblsr
=050  14$aPN6728.G625$bP69
=082  04$a741.5973$222
=100  1\$aPowell, Eric.
=245  14$aThe Goon /$cby Eric Powell.
=260  \\$aMilwaukie, OR :$bDark Horse Books,$cc2004-
=300  \\$av. :$bchiefly ill. (some col.) ;$c26 cm.
=336  \\$atext$2rdacontent
=337  \\$aunmediated$2rdamedia
=338  \\$avolume$2rdacarrier
=500  \\$aPreviously published in single comic-book form.
=505  1\$av. 0. Rough stuff -- v. 1. Nothin' but misery -- v. 2. My murderous childhood (and other grievous yarns) -- v. 3. Heaps of ruination -- v. 4. Virtue and the grim consequences thereof -- v. 5. Wicked inclinations -- v. 6. Chinatown and the mystery of Mr. Wicker -- v. 7. A place of heartache and grief -- v. 8. Those that is damned -- v. 9. Calamity of conscience -- v. 10. Death's greedy comeuppance -- v. 11. The deformed of body and the devious of mind.
=500  \\$aFormerly CIP.$5Uk
=650  \0$aZombies$vComic books, strips, etc.
=655  \0$aGraphic novels.
=700  12$aPowell, Eric.$tRough stuff.
=700  12$aPowell, Eric.$tNothin' but misery.
=700  12$aPowell, Eric.$tMy murderous childhood (and other grievous yarns)
=700  12$aPowell, Eric.$tHeaps of ruination.
=700  12$aPowell, Eric.$tVirtue and the grim consequences thereof.
=700  12$aPowell, Eric.$tWicked inclinations.
=700  12$aPowell, Eric.$tChinatown.
=700  12$aPowell, Eric.$tPlace of heartache and grief.
=700  12$aPowell, Eric.$tThose that is damned.
=700  12$aPowell, Eric.$tCalamity of conscience.
=700  12$aPowell, Eric.$tDeath's greedy comeuppance.
=700  12$aPowell, Eric.$tDeformed of body and the devious of mind.
=852  41$aBritish Library$bHMNTS$jYK.2012.b.10631$ivol. 11
=852  41$aBritish Library$bHMNTS$jYK.2013.b.4140$ivol. 3
=852  41$aBritish Library$bHMNTS$jYK.2012.b.689$ivol. 6
=852  41$aBritish Library$bHMNTS$jYK.2010.b.10239$ivol. 0
=852  41$aBritish Library$bHMNTS$jYK.2009.b.8720$ivol. 2
=852  41$aBritish Library$bHMNTS$jYK.2009.b.5496$ivol. 4
=852  41$aBritish Library$bHMNTS$jYK.2009.b.8281$ivol. 8
=852  41$aBritish Library$bHMNTS$jYK.2010.b.5298$ivol. 9
=852  41$aBritish Library$bHMNTS$jYK.2012.b.690$ivol. 5
=852  41$aBritish Library$bHMNTS$ivol. 7
=852  41$aBritish Library$bHMNTS$jYK.2011.b.4343$ivol. 10
=CAT  \\$aBATCH-CIP$b00$c20060117$lBLL01$h1701
=CAT  \\$c20060117$lBLL01$h1703
=CAT  \\$c20060117$lBLL01$h1718
=CAT  \\$a12324$b40$c20080225$lBLL01$h1033
=CAT  \\$a11317$b40$c20090819$lBLL01$h1152
=CAT  \\$a11317$b40$c20090819$lBLL01$h1204
=CAT  \\$a8387$b40$c20091111$lBLL01$h1327
=CAT  \\$a11317$b40$c20100129$lBLL01$h0932
=CAT  \\$a11317$b40$c20100930$lBLL01$h1350
=CAT  \\$a11317$b40$c20100930$lBLL01$h1354
=CAT  \\$a6923$b40$c20110303$lBLL01$h0852
=CAT  \\$a11317$b40$c20110307$lBLL01$h1427
=CAT  \\$a11317$b40$c20120116$lBLL01$h1428
=CAT  \\$a11317$b40$c20120116$lBLL01$h1433
=CAT  \\$a11317$b40$c20120116$lBLL01$h1435
=CAT  \\$a11317$b40$c20121012$lBLL01$h1359
=CAT  \\$aWR16_021$c20160613$lBLL01$h1806
=CAT  \\$aW1806-2088$c20180703$lBLL01$h1730
=FIN  \\$aY$d20090819
=SID  \\$aZ39$bOCLC
=LAS  \\$aW1806-2088$b00$c20180703$lBLL01$h1730

