=LDR  02158 cm a2200529 a 4500
=001  013381892
=003  Uk
=005  20070220102547.0
=008  050513s200u\\\\xxu||c\|\||||||n\\|\eng\d
=FMT  \\$a  MU
=016  \\$a013381892
=020  \\$a0634084763
=028  32$aHL00313277$bHal Leonard
=035  \\$a(OCoLC)ocm60362251
=039  0\$a0802
=040  \\$aFQG$beng$cFQG$dBAKER$dUk
=082  04$a783.242164$222
=100  1\$aKander, John.
=240  10$aKiss of the spider woman.$sVocal score.$kSelections
=245  10$aKiss of the spider woman :$bthe musical : [vocal selections] /$cbook by Terrence McNally ; music by John Kander ; lyrics by Fred Ebb ; based on the novel by Manuel Puig.
=260  \\$a[New York, N.Y.] :$bCarlin America ;$aMilwaukee, Wis. :$bExclusively distributed by Hal Leonard,$c[200-?]
=300  \\$a1 score (104 p.) ;$c31 cm.
=336  \\$anotated music$2rdacontent
=337  \\$aunmediated$2rdamedia
=338  \\$avolume$2rdacarrier
=500  \\$aAcc. arr. for piano.
=505  0\$aAnything for him -- The day after that -- Dear one -- Dressing them up -- I do miracles -- Kiss of the spider woman -- The morphine tango 1 -- Only in the movies -- Over the wall 2 -- She's a woman -- Where you are.
=650  \0$aMusicals$vExcerpts$vVocal scores with piano.
=700  1\$aMcNally, Terrence.
=700  1\$aEbb, Fred.
=700  1\$aPuig, Manuel.$tBeso de la mujer araña.
=852  41$aBritish Library$bMUSIC$jG.1317.m.(2.)
=852  41$aBritish Library$bDSC$cMUSIC$jVH05/9408
=852  41$aBritish Library$bDSC$cMUSIC
=CAT  \\$a6923$b40$c20060118$lBLL01$h1415
=CAT  \\$a10500$b40$c20060227$lBLL01$h1817
=CAT  \\$a4587$b40$c20060331$lBLL01$h1525
=CAT  \\$a8870$b40$c20060921$lBLL01$h1405
=CAT  \\$aBATCH-UPD$b40$c20070212$lBLL01$h1620
=CAT  \\$a7568$b40$c20070220$lBLL01$h1025
=CAT  \\$aBATCH-UPD$b40$c20080709$lBLL01$h1123
=CAT  \\$aBATCH-UPD$b40$c20150530$lBLL01$h1727
=CAT  \\$aWR16_021$c20160613$lBLL01$h1807
=CAT  \\$aBATCH-016$c20160905$lBLL01$h1709
=FIN  \\$aY$d20060921
=SID  \\$aZ39$bOXFORD
=LAS  \\$aBATCH-016$b00$c20160905$lBLL01$h1709

