=LDR  02358 cm a2200589 a 4500
=001  013388331
=003  Uk
=005  20100603115632.0
=008  060202s2005\\\\gw\||a||\||||||n\\|\ita\d
=FMT  \\$a  MU
=010  \\$a2006560440
=024  2\$aM006497805
=028  32$aBA 4080$bBärenreiter
=035  \\$a(OCoLC)ocm63149500
=039  0\$a0702
=040  \\$aCR2$beng$cCR2$dDLC$dUk
=041  1\$aita$geng$hita$gger$hger
=050  00$aM3$b.H26 Ser. II, Bd. 11$aM1500
=082  04$a780$222
=082  04$a782.10264$222
=100  1\$aHandel, George Frideric,$d1685-1759.
=245  13$aIl Floridante :$bopera in tre atti : HWV 14 /$cGeorg Friedrich Händel ; herausgegeben von Hans Dieter Clausen.
=260  \\$aKassel ;$aLondon :$bBärenreiter,$c2005.
=300  \\$a1 score (lxx, 347 p.) :$bfacsims. ;$c33 cm.
=336  \\$anotated music$2rdacontent
=337  \\$aunmediated$2rdamedia
=338  \\$avolume$2rdacarrier
=490  1\$aHallische Händel-Ausgabe. Serie II, Opern ;$vBd. 11
=500  \\$aLibretto by Paolo Rolli based on Francesco Silvani's libretto La costanza in trionfo.
=500  \\$aReprint (reduced) of libretto: London : Tho. Wood, 1721 (in Italian with English translation), p. xxxviii-lvi.
=500  \\$aGerman translation printed for reference, p. xxxviii-lvi.
=500  \\$aEditorial and historical notes in German with English translation; critical notes (p. 285-347) in English only.
=504  \\$aIncludes bibliographical references.
=650  \0$aOperas$vScores.
=700  1\$aClausen, Hans Dieter.
=700  1\$aRolli, Paolo,$d1687-1765.
=700  1\$aSilvani, Francesco.
=800  1\$aHandel, George Frideric,$d1685-1759.$tWorks.$f1955 ;$vSer. 2, Bd. 11.
=852  41$aBritish Library$bDSC$cMUSIC$jH06/6967
=852  41$aBritish Library$bMUSIC$kH.989./2/11
=852  41$aBritish Library$bMUSIC$jH.989.b./2/11
=CAT  \\$a5512$b40$c20060126$lBLL01$h1349
=CAT  \\$a8870$b40$c20060512$lBLL01$h1133
=CAT  \\$a12418$b40$c20060831$lBLL01$h1048
=CAT  \\$aBATCH-UPD$b40$c20061229$lBLL01$h0000
=CAT  \\$a12418$b40$c20070221$lBLL01$h1602
=CAT  \\$aBATCH-UPD$b40$c20070605$lBLL01$h1119
=CAT  \\$a11696$b40$c20071030$lBLL01$h1007
=CAT  \\$a12418$b40$c20100603$lBLL01$h1156
=FIN  \\$aY$d20060512
=SID  \\$aZ39$bLOC
=LAS  \\$a12418$b40$c20100603$lBLL01$h1156

