=LDR  03839cam a2200901 i 4500
=001  013397373
=003  Uk
=005  20221231211900.0
=008  050701m20042021enk\\\\\\b\\\|0|1\0|eng\\
=FMT  \\$a  BK
=015  \\$aGBA621129$2bnb
=016  7\$a013397373$2Uk
=020  \\$a0567089983$qv. 1$qhardback$cNo price
=020  \\$a0567043525$qv. 1$qpaperback$c£25.00
=020  \\$a9780567033963$qv. 2$qhardback$c£75.00
=020  \\$a0567033961$qv. 2$qhardback$c£75.00
=020  \\$a9780567692948$qv. 3$qhardback$c£130.00
=020  \\$z9780567692955$qv. 3$qepdf
=020  \\$a9780567700704$qv. 4$qhardback
=020  \\$z9780567700711$qv. 4$qepdf
=040  \\$aStDuBDS$beng$cStDuBDS$dUk$erda
=042  \\$aukblsr
=082  04$a933$223
=100  1\$aGrabbe, Lester L.,$eauthor.
=245  12$aA history of the Jews and Judaism in the Second Temple period /$cLester L. Grabbe.
=264  \1$aLondon :$bT & T Clark,$c2004-2021.
=300  \\$a4 volumes ;$c24 cm.
=336  \\$atext$2rdacontent
=337  \\$aunmediated$2rdamedia
=338  \\$avolume$2rdacarrier
=490  0\$aThe library of Second Temple studies ;$vv. 47, 68, 95, 99
=505  0\$av. 1. Yehud : a history of the Persian province of Judah -- v. 2. The early Hellenistic Period (335-175 BCE) -- v. 3. The Maccabaean revolt, Hasmonaean rule, and Herod the Great (175-4 BCE) -- The Jews under the Roman shadow (4 BCE-150 CE).
=504  \\$aIncludes bibliographical references and index.
=500  \\$aFormerly CIP.$5Uk
=540  \\$aCurrent Copyright Fee: GBP25.00$c0$5Uk
=650  \0$aJews$xHistory$y586 B.C.-70 A.D.
=650  \0$aJudaism$xHistory$yPost-exilic period, 586 B.C.-210 A.D.
=852  41$aBritish Library$bDSC$j5205.320000
=852  41$aBritish Library$bDSC$j5205.320000
=852  41$aBritish Library$bDSC$j5205.320000
=852  41$aBritish Library$bDSC$j5205.320000
=852  41$aBritish Library$bHMNTS$jYC.2009.a.14052$ivol. 2
=852  41$aBritish Library$bDSC$ivol. 47
=852  41$aBritish Library$bHMNTS$jYC.2006.a.3185$ivol. 1
=852  41$aBritish Library$bHMNTS$jYC.2020.a.2018
=CAT  \\$aBATCH-CIP$b00$c20060207$lBLL01$h1701
=CAT  \\$a11250$b40$c20081023$lBLL01$h1026
=CAT  \\$a12324$b40$c20090924$lBLL01$h1439
=CAT  \\$a12324$b40$c20090924$lBLL01$h1440
=CAT  \\$aBATCH-CLA$b00$c20140919$lBLL01$h0039
=CAT  \\$aWR16_021$c20160613$lBLL01$h1809
=CAT  \\$aBATCH-CLA$b00$c20161222$lBLL01$h1808
=CAT  \\$aIPL-CLA$c20161230$lBLL01$h2152
=CAT  \\$aBATCH-CLA$b00$c20171222$lBLL01$h2131
=CAT  \\$aIPL-CLA$c20171231$lBLL01$h1651
=CAT  \\$aBATCH-CLA$b00$c20191219$lBLL01$h1735
=CAT  \\$aIPL-CLA$c20191231$lBLL01$h1938
=CAT  \\$aR2001-1524$c20200127$lBLL01$h2015
=CAT  \\$aBATCH-CLA$b00$c20200128$lBLL01$h0450
=CAT  \\$a11250$b40$c20200310$lBLL01$h1353
=CAT  \\$aBATCH-CLA$b00$c20200311$lBLL01$h0125
=CAT  \\$aBATCH-CLA$b00$c20201204$lBLL01$h1537
=CAT  \\$aIPL-CLA$c20201231$lBLL01$h2208
=CAT  \\$a8411$b40$c20210910$lBLL01$h1136
=CAT  \\$a8411$b40$c20210910$lBLL01$h1137
=CAT  \\$a8411$b40$c20210910$lBLL01$h1139
=CAT  \\$aBATCH-CLA$b00$c20210911$lBLL01$h0102
=CAT  \\$a11250$b40$c20210923$lBLL01$h1346
=CAT  \\$aBATCH-CLA$b00$c20210924$lBLL01$h0104
=CAT  \\$aBATCH-CLA$b00$c20221221$lBLL01$h1846
=CAT  \\$aIPL-CLA$c20221231$lBLL01$h2119
=CFI  0\$aCurrent Copyright Fee: GBP25.00$c0$e01-jan-2023$fGBP25.00$g0$hA$5Uk
=CFI  2\$aPrevious Copyright Fee: GBP22.50$c0$e01-jan-2021$fGBP22.50$g0$hA$5Uk
=FIN  \\$aY$d20081023
=TCO  \\$aCLA$bCLA$c008
=ACF  \\$aPrevious Copyright Fee: GBP12.30$c0$e01-jan-2014$fGBP12.30$g0$hA$5Uk
=ACF  \\$aPrevious Copyright Fee: GBP15.00$c0$e01-jan-2017$fGBP15.00$g0$hA$5Uk
=LAS  \\$aIPL-CLA$b00$c20221231$lBLL01$h2119

