=LDR  02008 am a2200517 a 4500
=001  013398601
=003  Uk
=005  20070621155140.0
=007  hd\afv|||baca
=008  060208s2005\\\\enk\\\\\a\\\\\000\0\eng\\
=FMT  \\$a  BK
=015  \\$aGBA624031$2bnb
=016  7\$a013398601$2Uk
=040  \\$aUk$beng$cUk$dUk
=042  \\$aukblsr
=082  04$a822.912$222
=100  1\$aShaw, Bernard,$d1856-1950.
=245  10$aShaw : the papers of Bernard Shaw (1856-1950) from the British Library, London.$h[microform].
=260  \\$aMarlborough :$bAdam Matthew Publications Ltd.,$c2005.
=300  \\$a51 microfilm reels ;$c35 mm.
=336  \\$atext$2rdacontent
=337  \\$amicroform$2rdamedia
=338  \\$amicrofilm reel$2rdacarrier
=505  1\$apt. 1. Plays, poems, novels & short stories (19 reels) -- pt. 2. Critical writings, essays and Fabian Society material (15 reels) -- pt. 3. Journalism, lectures and autobiographical material (17 reels)
=600  10$aShaw, Bernard,$d1856-1950$vArchives.
=610  20$aBritish Library$vArchives.
=650  \0$aDramatists, Irish$y20th century$vArchives.
=710  2\$aBritish Library.
=852  41$aBritish Library$bHMNTS$jMic.A.20099$ipt. 3
=852  41$aBritish Library$bHMNTS$ipt. 2
=852  41$aBritish Library$bHMNTS$jMic.A.20060$ipt. 1
=CAT  \\$a10812$b40$c20060208$lBLL01$h1420
=CAT  \\$a10812$b40$c20060208$lBLL01$h1423
=CAT  \\$a10812$b40$c20060208$lBLL01$h1436
=CAT  \\$a11317$b40$c20060217$lBLL01$h1159
=CAT  \\$a11317$b40$c20060217$lBLL01$h1313
=CAT  \\$a11250$b40$c20060509$lBLL01$h0831
=CAT  \\$aBATCH-UPD$b40$c20060803$lBLL01$h0800
=CAT  \\$a8178$b40$c20060807$lBLL01$h1104
=CAT  \\$a8178$b40$c20060807$lBLL01$h1156
=CAT  \\$a11250$b40$c20070621$lBLL01$h1447
=CAT  \\$a11250$b40$c20070621$lBLL01$h1551
=CAT  \\$aBATCH-UPD$b40$c20150404$lBLL01$h1233
=CAT  \\$aWR16_021$c20160613$lBLL01$h1809
=FIN  \\$aY$d20060217
=LAS  \\$aWR16_021$b00$c20160613$lBLL01$h1809

