=LDR  03226pam a2200733 a 4500
=001  013424560
=003  Uk
=005  20060508144056.0
=008  060313m19929999enk\\\\\\\\\\\000\0\eng\\
=FMT  \\$a  BK
=015  \\$aGBA630808$2bnb
=040  \\$aUk$beng$cUk
=042  \\$aukblsr
=082  04$a333.30942$222
=245  04$aThe return of owners of land 1873 for the county of ... on microfiche.
=260  \\$aKnaphill :$bR. Cleaver,$c1992-
=300  \\$amicrofiches :$bnegative.
=336  \\$atext$2rdacontent
=337  \\$aunmediated$2rdamedia
=338  \\$avolume$2rdacarrier
=490  0\$aReturn of owners of land 1873,$x0967-0815 ;$vno. 1-17
=500  \\$aTitle from folder.
=500  \\$aEach microfiche(s) contained in pocket in folder which has printed introduction.
=505  1\$ano. 1. Berkshire (1 microfiche) -- no. 2. Buckinghamshire (1 microfiche) -- no. 3. Cornwall (1 microfiche) -- no. 4. Northamptonshire (1 microfiche) -- no. 5. Somerset (1 microfiche) -- no. 6. Suffolk (1 microfiche) -- no. 7. Warwickshire (1 microfiche) -- no. 8. Wiltshire (1 microfiche) -- no. 9. Yorkshire, West Riding (2 microfiche) -- no. 10. Cambridge (1 microfiche) -- no. 11. Devon (1 microfiche) -- no. 12. Dorset (1 microfiche) -- no. 13. Hertford (1 microfiche) -- no. 14. Lancashire (1 microfiche) -- no. 15. Lincolnshire (2 microfiche) -- no. 16. Kent (1 microfiche) -- no. 17. Nottingham (1 microfiche)
=650  \0$aLand tenure$zEngland$xHistory$y19th century.
=650  \0$aLandowners$zEngland$vGenealogy.
=651  \0$aEngland$vGenealogy.
=690  7\$aManagement and Business Studies$2blcoll
=852  41$aBritish Library$bHMNTS$ino. 10
=852  41$aBritish Library$bHMNTS$ino. 11
=852  41$aBritish Library$bHMNTS$ino. 12
=852  41$aBritish Library$bHMNTS$ino. 13
=852  41$aBritish Library$bHMNTS$ino. 14
=852  41$aBritish Library$bHMNTS$ino. 15
=852  41$aBritish Library$bHMNTS$ino. 17
=852  41$aBritish Library$bHMNTS$ino. 16
=852  41$aBritish Library$bHMNTS$jCup.935/981$ino. 9
=852  41$aBritish Library$bHMNTS$jCup.935/980$ino. 8
=852  41$aBritish Library$bHMNTS$jCup.935/979$ino. 7
=852  41$aBritish Library$bHMNTS$jCup.935/978$ino. 6
=852  41$aBritish Library$bHMNTS$jCup.935/977$ino. 5
=852  41$aBritish Library$bHMNTS$jCup.935/976$ino. 4
=852  41$aBritish Library$bHMNTS$jCup.935/975$ino. 3
=852  41$aBritish Library$bHMNTS$jCup.935/974$ino. 2
=852  41$aBritish Library$bHMNTS$jCup.935/973$ino. 1
=957  \\$a921014c
=CAT  \\$a11250$b40$c20060313$lBLL01$h1402
=CAT  \\$a11250$b40$c20060313$lBLL01$h1448
=CAT  \\$a11250$b40$c20060313$lBLL01$h1501
=CAT  \\$a6916$b40$c20060403$lBLL01$h0955
=CAT  \\$a10896$b40$c20060508$lBLL01$h1440
=CAT  \\$aBATCH$b00$c20090624$lBLL01$h1711
=FIN  \\$aY$d20060313
=LEO  \\$aMP13.0000165304
=LEO  \\$aMP13.0000165303
=LEO  \\$aMP13.0000165302
=LEO  \\$aMP13.0000165301
=LEO  \\$aMP13.0000165296
=LEO  \\$aMP13.0000165300
=LEO  \\$aMP13.0000165299
=LEO  \\$aMP13.0000165298
=LEO  \\$aMP13.0000165297
=SRC  \\$aHSS01$bbibmp13.200404.2.aa
=LAS  \\$aBATCH$b00$c20090624$lBLL01$h1711

