=LDR  05771 am a2201453 a 4500
=001  013442181
=003  Uk
=005  20191204215029.0
=008  060404m20149999enkab\\\\b\\\|001\0\eng\\
=FMT  \\$a  BK
=015  \\$aGBA638400$2bnb
=016  7\$a013442181$2Uk
=020  \\$a9780199450572 (v. 50)
=020  \\$a0199450579 (v. 50)
=020  \\$a9780199450589 (v. 51)
=020  \\$a0199450587 (v. 51)
=020  \\$a9780199451272 (v. 52)
=020  \\$a0199451273 (v. 52)
=020  \\$a9780199451289 (v. 53)
=020  \\$a0199451281 (v. 53)
=020  \\$a9780199451296 (v. 54)
=020  \\$a019945129X (v. 54)
=020  \\$a9780199451302 (v. 55)
=020  \\$a0199451303 (v. 55)
=020  \\$a9780199453696 (v. 56)
=020  \\$a0199453691 (v. 56)
=020  \\$a9780199466993 (v. 65)
=020  \\$a0199466998 (v. 65)
=020  \\$a9780199467006 (v. 66)
=020  \\$a0199467005 (v. 66)
=020  \\$a9780199467013 (v. 66 supplement)
=020  \\$a0199467013 (v. 66 supplement)
=020  \\$a9780199471683 (v.67)
=020  \\$a0199471681 (v. 67)
=040  \\$aUk$beng$cUk
=042  \\$aukblsr
=050  00$aDS481.N35
=082  04$a954.042092$222
=100  1\$aNehru, Jawaharlal,$d1889-1964.
=240  10$aWorks.$kSelections
=245  10$aSelected works of Jawaharlal Nehru.$nSecond series /$c[general editor, S. Gopal].
=260  \\$aNew Delhi :$bJawaharlal Nehru Memorial Fund ;$aOxford :$bDistributed by Oxford University Press,$c2014-
=300  \\$av. :$bill., maps, ports. ;$c25 cm.
=336  \\$atext$2rdacontent
=337  \\$aunmediated$2rdamedia
=338  \\$avolume$2rdacarrier
=580  \\$aVolume 1 (September 1946 to January 1947) up to Volume 49 (1 May - 30 June 1959) held on record number 011641538.
=504  \\$aIncludes bibliographical references and indexes.
=505  1\$av. 50. 1-31 July 1959 / editor, Madhavan K. Palat -- v. 51. 1-31 August 1959 / Madhavan K. Palat -- v. 52. 1-30 September 1959 -- v. 53. 1-31 October 1959 -- v. 54. 1-30 November 1959 -- v. 55. 1-31 December 1959 -- v. 56. 1-25 January 1960.
=500  \\$aFormerly CIP.$5Uk
=600  10$aNehru, Jawaharlal,$d1889-1964.
=650  \0$aPrime ministers$zIndia$vBiography.
=651  \0$aIndia$xForeign relations$y1947-1984$vSources.
=651  \0$aIndia$xHistory$y1947-$vSources.
=651  \0$aIndia$xPolitics and government$y1947-$vSources.
=700  1\$aGopal, Sarvepalli.
=700  1\$aHasan, Mushirul.
=700  1\$aMukherjee, Aditya.
=700  1\$aMukherjee, Mridula.
=700  1\$aPalat, Madhavan K.
=710  2\$aJawaharlal Nehru Memorial Fund.
=852  41$aBritish Library$bHMNTS$jYC.2014.b.1197$ivol. 50
=852  41$aBritish Library$bHMNTS$jYC.2014.a.10616$ivol. 52
=852  41$aBritish Library$bHMNTS$jYC.2014.b.1198$ivol. 51
=852  41$aBritish Library$bHMNTS$jYC.2014.a.10617$ivol. 53
=852  41$aBritish Library$bHMNTS$jYC.2014.a.10618$ivol. 54
=852  41$aBritish Library$bHMNTS$jYC.2014.a.10620$ivol. 55
=852  41$aBritish Library$bHMNTS$jYC.2014.b.2423$ivol. 56
=852  41$aBritish Library$bOC$jV 25703
=852  41$aBritish Library$bOC$jV 25703
=852  41$aBritish Library$bOC$jV 25703
=852  41$aBritish Library$bOC$jV25703
=852  41$aBritish Library$bOC$iV 25073
=852  41$aBritish Library$bOC$jYP.2014.b.386
=852  41$aBritish Library$bOC$jYP.2014.b.386
=852  41$aBritish Library$bOC$jYP.2014.b.386
=852  41$aBritish Library$bOC$jYP.2014.b.386
=852  41$aBritish Library$bOC$jYP.2014.b.386
=852  41$aBritish Library$bOC$jYP.2014.b.386
=852  41$aBritish Library$bOC$jYP.2014.b.386
=852  41$aBritish Library$bOC$jYP.2014.b.386
=852  41$aBritish Library$bOC$jYP.2014.b.386
=852  41$aBritish Library$bOC$jYP.2014.b.386
=852  41$aBritish Library$bOC$jYP.2014.b.386
=852  41$aBritish Library$bOC$jYP.2014.b.386
=852  41$aBritish Library$bOC$jYP.2014.b.386
=852  41$aBritish Library$bOC$jV 25703
=852  41$aBritish Library$bOC$jV 25703
=852  41$aBritish Library$bOC$jV 25703
=852  41$aBritish Library$bOC$jV 25703
=852  41$aBritish Library$bOC$jV 25703
=852  41$aBritish Library$bHMNTS$jYC.2019.a.10139
=852  41$aBritish Library$bHMNTS$jYC.2019.a.10138
=852  41$aBritish Library$bHMNTS$jYC.2019.a.10140
=852  41$aBritish Library$bHMNTS$jYC.2019.a.10141
=985  \\$aRecord amended for WR# 13/070
=CAT  \\$a11250$b40$c20060404$lBLL01$h1420
=CAT  \\$a11373$b40$c20131115$lBLL01$h1401
=CAT  \\$a6524$b40$c20140401$lBLL01$h1332
=CAT  \\$a11250$b40$c20140424$lBLL01$h1409
=CAT  \\$a11250$b40$c20140424$lBLL01$h1412
=CAT  \\$a11250$b40$c20140424$lBLL01$h1415
=CAT  \\$a11250$b40$c20140611$lBLL01$h1142
=CAT  \\$a9592$b40$c20140808$lBLL01$h1323
=CAT  \\$a9592$b40$c20140808$lBLL01$h1333
=CAT  \\$a9592$b40$c20140808$lBLL01$h1336
=CAT  \\$a9592$b40$c20140808$lBLL01$h1341
=CAT  \\$a11250$b40$c20140811$lBLL01$h0806
=CAT  \\$a11250$b40$c20140811$lBLL01$h0820
=CAT  \\$a11250$b40$c20141103$lBLL01$h1144
=CAT  \\$aWR16_021$c20160614$lBLL01$h1805
=CAT  \\$a11250$b40$c20170105$lBLL01$h1150
=CAT  \\$a9665$b40$c20170607$lBLL01$h1405
=CAT  \\$a9665$b40$c20170607$lBLL01$h1426
=CAT  \\$a9665$b40$c20180122$lBLL01$h1248
=CAT  \\$a9665$b40$c20180123$lBLL01$h1108
=CAT  \\$a6989$b40$c20191115$lBLL01$h1824
=CAT  \\$aBATCH-016$c20191120$lBLL01$h2153
=CAT  \\$a6989$b40$c20191203$lBLL01$h1004
=CAT  \\$a6989$b40$c20191203$lBLL01$h1102
=CAT  \\$a6989$b40$c20191203$lBLL01$h1147
=CAT  \\$aBATCH-016$c20191204$lBLL01$h2150
=FIN  \\$aY$d20060404
=LAS  \\$aBATCH-016$b00$c20191204$lBLL01$h2150

