=LDR  01174 aa a22003017a 4500
=001  013443544
=003  Uk
=005  20060405095510.0
=008  060405s2005\\\\enk\\\\\\\\\\\100\0\eng\\
=FMT  \\$a  BK
=040  \\$aUk$beng$cUk
=CNF  \\$aPerceptions regarding organized crime in Southeastern Europe : is there an information gap? (Workshop)$d(2003 Jun :$cAthens)
=245  00$aPerceptions regarding organized crime in Southeastern Europe : is there an information gap?
=260  \\$aLondon :$bRoutledge,$c2005.
=300  \\$app. 122-126.
=336  \\$atext$2rdacontent
=337  \\$aunmediated$2rdamedia
=338  \\$avolume$2rdacarrier
=591  \\$aReport.
=653  1\$aOrganized crime
=653  1\$aSoutheastern Europe
=852  41$aBritish Library$bHMNTS$jYC.2009.a.12908
=852  41$aBritish Library$bHMNTS$jSPIS 364.1
=852  41$aBritish Library$bDSC$im06/17861
=CAT  \\$a7196$b40$c20060405$lBLL01$h0955
=FIN  \\$aY$d20060405
=LKR  \\$aANA$b013033130$lBLL01$nFighting organized crime in southeast Europe$r773$mPerceptions regarding organized crime in Southeastern Europe : is there an information gap?
=LAS  \\$a7196$b40$c20060405$lBLL01$h0955

