=LDR  02607pam a2200697 a 4500
=001  013447371
=003  Uk
=005  20071114114012.0
=008  060330m20069999enka\\\\\\\\\\000\1\eng\\
=FMT  \\$a  BK
=015  \\$aGBA640129$2bnb
=016  7\$a013447371$2Uk
=020  \\$a9780099504894 (1 : pbk.) :$c£6.99
=020  \\$a0099504898 (1 : pbk.) :$c£6.99
=020  \\$a9780099506386 (2 : pbk.) :$c£6.99
=020  \\$a0099506386 (2 : pbk.) :$c£6.99
=020  \\$a9780099506584 (3 : pbk.) :$c£6.99
=020  \\$a9780099506669 (4 : pbk.) :$c£6.99
=020  \\$a0099506661 (4 : pbk.) :$c£6.99
=020  \\$a9780099506782 (5 : pbk.) :$c£6.99
=020  \\$a0099506785 (5 : pbk.) :$c£6.99
=020  \\$a9780099506317 (6 : pbk.) :$c£6.99
=020  \\$a0099506319 (6 : pbk.) :$c£6.99
=020  \\$a9780099506850 (7 : pbk.) :$c£6.99
=020  \\$a0099506858 (7 : pbk.) :$c£6.99
=040  \\$aStDuBDS$beng$cStDuBDS$dUk
=042  \\$aukblsr
=082  04$a741.5952$222
=100  0\$aOh! Great.
=240  10$aEa gia.$lEnglish
=245  10$aAir gear /$cOh! Great ; translated and adapted by Makoto Yukon ; lettered by Janice Chiang.
=246  3\$aAirgear
=260  \\$aLondon :$bTanoshimi,$c2006-
=300  \\$av. :$bchiefly ill. ;$c19 cm.
=336  \\$atext$2rdacontent
=337  \\$aunmediated$2rdamedia
=338  \\$avolume$2rdacarrier
=500  \\$aTranslated from the Japanese.
=500  \\$a"Read the traditional Japanese way - from right to left"--Colophon.
=500  \\$a"First published in Japan in 2003 by Kodansha Ltd., Tokyo"--Vol. 1, t.p. verso.
=521  1\$a"Rating: OT ages 16+"--Back cover.
=500  \\$aFormerly CIP.$5Uk
=655  \0$aGraphic novels.
=700  1\$aYukon, Makoto.
=852  41$aBritish Library$bHMNTS$jYK.2008.a.3992$ivol. 6
=852  41$aBritish Library$bHMNTS$jYK.2007.a.20401$ivol. 5
=852  41$aBritish Library$bHMNTS$ivol. 7
=852  41$aBritish Library$bHMNTS$jYK.2007.a.18722$ivol. 1
=852  41$aBritish Library$bHMNTS$jYK.2007.a.19761$ivol. 4
=852  41$aBritish Library$bHMNTS$jYK.2007.a.19769$ivol. 2
=852  41$aBritish Library$bHMNTS$jYK.2007.a.19768$ivol. 3
=CAT  \\$aBATCH-CIP$b00$c20060411$lBLL01$h1700
=CAT  \\$c20060411$lBLL01$h1702
=CAT  \\$c20060411$lBLL01$h1717
=CAT  \\$a8479$b40$c20070709$lBLL01$h1410
=CAT  \\$a8479$b40$c20070709$lBLL01$h1411
=CAT  \\$a11317$b40$c20071031$lBLL01$h0848
=CAT  \\$a11317$b40$c20071114$lBLL01$h1140
=CAT  \\$aWR16_021$c20160614$lBLL01$h1806
=FIN  \\$aY$d20071031
=LAS  \\$aWR16_021$b00$c20160614$lBLL01$h1806

