=LDR  02521 am a2200673 a 4500
=001  013450022
=003  Uk
=005  20120515161222.0
=008  060810m20069999ii\\\\\\\\\\\\000\0\tam\d
=FMT  \\$a  BK
=020  \\$a2855396611 (v. 1 : pbk.)
=020  \\$a9782855396613 (v. 1 : pbk.)
=020  \\$a9788184701791 (v. 2)
=020  \\$a8184701799 (v. 2)
=020  \\$a9782855391038 (v. 2)
=020  \\$a2855391032 (v. 2)
=035  \\$a(OCoLC)70867953
=040  \\$aVVC$cVVC$dVVC$dNLGGC$dTZT$dUk
=041  0\$atam$beng$bfre
=050  04$aCN1173.P66$bK87 2006
=082  04$a494.81111$222
=084  \\$a18.64$2bcl
=084  \\$a18.88$2bcl
=100  1\$aKuppusamy, Bahour S.
=245  10$aPondicherry inscriptions /$ccompiled by Bahour S. Kuppusamy ; edited by G. Vijayavenugopal.
=260  \\$aPondicherry :$bInstitut français de Pondichéry, Ecole française d'Extrême-Orient,$cc2006-
=300  \\$av. 1 - 2 ;$c28 cm.
=336  \\$atext$2rdacontent
=337  \\$aunmediated$2rdamedia
=338  \\$avolume$2rdacarrier
=490  1\$aCollection Indologie,$x0073-8352 ;$v83.1, 83-2
=546  \\$aText in Tamil, preface in English, resumé in French.
=505  1\$aPt. 1. Introduction and texts with notes -- Pt. 2. Translations, appendices, glossary and phrases.
=650  \0$aInscriptions, Tamil$zIndia$zPondicherry (Union Territory)
=651  \0$aPondicherry (India : Union Territory)$xHistory$vSources.
=650  17$aTamil (taal)$2gtt
=650  17$aSanskriet.$2gtt
=651  \7$a5.430.$2gtt
=700  1\$aVijayavenugopal, G.,$d1935-
=710  2\$aInstitut français de Pondichéry.
=830  \0$aCollection Indologie,$x0073-8352 ;$v83.1 ; 83.2.
=852  41$aBritish Library$bOC$jYF.2012.b.1224
=852  41$aBritish Library$bOC$jYD.2010.b.1177
=852  41$aBritish Library$bDSC$i83
=CAT  \\$a5703$b40$c20060418$lBLL01$h1231
=CAT  \\$a8411$b40$c20061219$lBLL01$h1157
=CAT  \\$a8411$b40$c20061219$lBLL01$h1409
=CAT  \\$a11070$b40$c20061220$lBLL01$h1358
=CAT  \\$a11070$b40$c20061220$lBLL01$h1400
=CAT  \\$a11070$b40$c20061221$lBLL01$h1709
=CAT  \\$aBATCH-UPD$b40$c20070223$lBLL01$h2050
=CAT  \\$aBATCH$b00$c20091217$lBLL01$h0418
=CAT  \\$aBATCH$b00$c20100103$lBLL01$h1212
=CAT  \\$aBATCH-UPD$b00$c20120428$lBLL01$h1734
=CAT  \\$a5512$b40$c20120515$lBLL01$h1612
=CAT  \\$aBATCH-UPD$b40$c20121203$lBLL01$h0522
=FIN  \\$aY$d20061219
=SID  \\$aZ39$bOCLC
=LAS  \\$aBATCH-UPD$b40$c20121203$lBLL01$h0522

