=LDR  01488 am a2200457 a 4500
=001  013450583
=003  Uk
=005  20060426115838.0
=008  060419s2006\\\\enka\\\\\\\\\\000\0\eng\\
=FMT  \\$a  BK
=015  \\$aGBA643719$2bnb
=016  7\$a013450583$2Uk
=020  \\$cNo price (pbk.)
=040  \\$aUk$beng$cUk
=042  \\$aukblsr
=082  04$a381.142$222
=245  00$aHome shopping.
=260  \\$aLondon :$bMintel International group,$c2006.
=300  \\$a76 p. :$bill. ;$c30 cm.
=336  \\$atext$2rdacontent
=337  \\$aunmediated$2rdamedia
=338  \\$avolume$2rdacarrier
=490  1\$aIrish series ;$vMarch 2006
=650  \0$aTeleshopping$zIreland.
=650  \0$aTeleshopping$zNorthern Ireland.
=650  \0$aTeleshopping$zIreland$xStatistics.
=650  \0$aTeleshopping$zNorthern Ireland$xStatistics.
=650  \0$aMarket surveys$zIreland.
=650  \0$aMarket surveys$zNorthern Ireland.
=690  7\$aManagement and Business Studies$2blcoll
=710  2\$aMintel International Group Ltd.
=830  \0$aMintel Irish series ;$vMarch 2006.
=852  41$aBritish Library$bHMNTS$jYC.2015.b.2017
=852  71$aBritish Library$bSTI$2blsrissc
=CAT  \\$a12323$b40$c20060419$lBLL01$h0951
=CAT  \\$a12167$b40$c20060426$lBLL01$h1119
=CAT  \\$a12167$b40$c20060426$lBLL01$h1158
=CAT  \\$aBATCH$b00$c20090624$lBLL01$h1713
=CAT  \\$aWR16_021$c20160614$lBLL01$h1807
=FIN  \\$aY$d20060426
=LAS  \\$aWR16_021$b00$c20160614$lBLL01$h1807

