=LDR  01583 am a2200409 a 4500
=001  013450892
=003  Uk
=005  20060505112848.0
=007  hd\afv|||baca
=008  060419s2005\\\\enk\\\\\a\\\\\000\0\eng\\
=FMT  \\$a  BK
=015  \\$aGBA645452$2bnb
=016  7\$a013450892$2Uk
=040  \\$aUk$beng$cUk
=042  \\$aukblsr
=082  04$a327.4104$222
=245  00$aForeign Office files for post-war Europe.$h[microform].$nSeries 2,$pThe Treaty of Rome and European integration.
=260  \\$aMarlborough :$bAdam Matthew Publications,$c2005.
=300  \\$amicrofilm reels ;$c35 mm.
=336  \\$atext$2rdacontent
=337  \\$amicroform$2rdamedia
=338  \\$amicrofilm reel$2rdacarrier
=505  0\$apt. 1. Files for 1957 : reels 1 to 23 -- pt. 2. Files for 1958-1959 : reels 24 to 50 -- pt. 3. Files for 1960 : reels 51 to 73.
=610  10$aGreat Britain.$bForeign Office$xArchives.
=651  \0$aEurope$xEconomic integration$xArchives.
=651  \0$aEurope$xEconomic policy$xArchives.
=651  \0$aGreat Britain$xForeign relations$zEurope$y1945-$xArchives.
=651  \0$aEurope$xForeign relations$zGreat Britain$y1945-$xArchives.
=852  41$aBritish Library$bHMNTS$jMic.A.20065$ipt. 1
=852  41$aBritish Library$bHMNTS$jMic.A.20067$ipt. 2
=852  41$aBritish Library$bHMNTS$ipt. 3
=CAT  \\$a12271$b40$c20060419$lBLL01$h1228
=CAT  \\$a10746$b40$c20060505$lBLL01$h1128
=CAT  \\$aBATCH-UPD$b40$c20081108$lBLL01$h1746
=CAT  \\$aWR16_021$c20160614$lBLL01$h1807
=FIN  \\$aY$d20060505
=LAS  \\$aWR16_021$b00$c20160614$lBLL01$h1807

