=LDR  01354 am a2200421 a 4500
=001  013456657
=003  Uk
=005  20061107090332.0
=008  060626s2006\\\\enka\\\\\b\\\\001\0\eng\d
=FMT  \\$a  BK
=015  \\$aGBA693670$2bnb
=016  7\$a013456657$2Uk
=020  \\$a1859574920 (pbk.) :$cNo price
=040  \\$aESU$cESU$dORU$dUk
=042  \\$aukblsr
=082  04$a547.7046$222
=100  10$aCrompton, T. R.$q(Thomas Roy)
=245  10$aPolymer reference book /$cT.R. Crompton.
=260  \\$aShrewsbury :$bRapra Technology,$c2006.
=300  \\$axvi, 704 p. :$bill. ;$c25 cm.
=336  \\$atext$2rdacontent
=337  \\$aunmediated$2rdamedia
=338  \\$avolume$2rdacarrier
=504  \\$aIncludes bibliographical references and index.
=650  \0$aPolymers$xAnalysis.
=710  2\$aRapra Technology Limited.
=852  41$aBritish Library$bDSC$jm06/.23800
=852  11$aBritish Library$bSTI$k547.7046
=CAT  \\$a10731$b40$c20060426$lBLL01$h1540
=CAT  \\$a8440$b40$c20060522$lBLL01$h0740
=CAT  \\$a7732$b40$c20060602$lBLL01$h0719
=CAT  \\$a12323$b40$c20061102$lBLL01$h0910
=CAT  \\$a5751$b40$c20061107$lBLL01$h0903
=CAT  \\$aBATCH-UPD$b40$c20160108$lBLL01$h0852
=CAT  \\$aWR16_021$c20160614$lBLL01$h1808
=FIN  \\$aY$d20060602
=SID  \\$aZ39$bOCLC
=LAS  \\$aWR16_021$b00$c20160614$lBLL01$h1808

