=LDR  01590 am a2200457 a 4500
=001  013463059
=003  Uk
=005  20060920104521.0
=008  060508s2006\\\\enk\\\\\\\\\\\000\0\eng\\
=FMT  \\$a  BK
=015  \\$aGBA679586$2bnb
=016  7\$a013463059$2Uk
=020  \\$cNo price (pbk.)
=040  \\$aUk$beng$cUk
=042  \\$aukblsr
=082  04$a381.457900941$222
=245  00$aMultichannel vs terrestrial TV, special report, August 2006.
=260  \\$aLondon :$bMintel International Group Ltd.,$c2006.
=300  \\$avi, 184 p. ;$c30 cm.
=336  \\$atext$2rdacontent
=337  \\$aunmediated$2rdamedia
=338  \\$avolume$2rdacarrier
=490  1\$aSpecial report ;$vAugust 2006
=650  \0$aMarket surveys$zGreat Britain.
=650  \0$aTelevision viewers$zGreat Britain$xStatistics.
=650  \0$aTelevision viewers$zGreat Britain$vStatistics.
=650  \0$aLifestyles$zGreat Britain$xStatistics.
=650  \0$aLifestyles$zGreat Britain$vStatistics.
=690  7\$aManagement and Business Studies$2blcoll
=710  2\$aMintel International Group Ltd.
=830  \0$aMintel special report ;$vAugust 2006.
=852  41$aBritish Library$bHMNTS$jYD.2017.b.428
=852  41$aBritish Library$bHMNTS$jYC.2015.b.2350
=852  71$aBritish Library$bSTI$cBIPC
=CAT  \\$a10958$b40$c20060508$lBLL01$h1558
=CAT  \\$a8479$b40$c20060913$lBLL01$h0849
=CAT  \\$a7000$b40$c20060920$lBLL01$h1045
=CAT  \\$aBATCH$b00$c20090624$lBLL01$h1713
=CAT  \\$aWR16_021$c20160614$lBLL01$h1809
=FIN  \\$aY$d20060918
=LAS  \\$aWR16_021$b00$c20160614$lBLL01$h1809

