=LDR  02303caa a22005657a 4500
=001  013471685
=003  Uk
=005  20230302180115.0
=008  060518s2006\\\\enk\\\\\\\\\\\100\0\eng\\
=FMT  \\$a  BK
=040  \\$aUk$beng$cUk
=CNF  \\$aClinical pathology accreditation (Annual conference)$d(2006 Mar :$cLondon)
=245  00$aConcordat and change :$ba view of the CPA annual conference.
=260  \\$bStep Publishing,$c2006.
=300  \\$ap. 417-419.
=336  \\$atext$2rdacontent
=337  \\$aunmediated$2rdamedia
=338  \\$avolume$2rdacarrier
=591  \\$aReport.
=540  \\$aCurrent Copyright Fee: GBP25.00$c0$5Uk
=653  1\$aClinical pathology accreditation
=653  2\$aCPA
=852  41$aBritish Library$bHMNTS$jAc.3820.fb/7
=852  41$aBritish Library$bHMNTS$xNPL
=852  41$aBritish Library$bDSC$j2087.880150
=945  \\$aBiomedical scientist, ISSN 1352-7673 ; vol 50 no 5 2006
=CAT  \\$a5896$b40$c20060518$lBLL01$h0855
=CAT  \\$aBATCH-CLA$b00$c20120928$lBLL01$h1839
=CAT  \\$aBATCH-CLA$b00$c20120930$lBLL01$h1052
=CAT  \\$aBATCH-CLA$b00$c20130508$lBLL01$h0740
=CAT  \\$aBATCH-CLA$b00$c20131202$lBLL01$h0326
=CAT  \\$aIPL-CLA$c20140101$lBLL01$h0004
=CAT  \\$aBATCH-CLA$b00$c20161221$lBLL01$h2031
=CAT  \\$aIPL-CLA$c20161230$lBLL01$h2157
=CAT  \\$aBATCH-CLA$b00$c20171221$lBLL01$h1321
=CAT  \\$aIPL-CLA$c20171231$lBLL01$h1655
=CAT  \\$aBATCH-CLA$b00$c20200218$lBLL01$h0435
=CAT  \\$aBATCH-CLA$b00$c20201203$lBLL01$h1417
=CAT  \\$aIPL-CLA$c20201231$lBLL01$h2211
=CAT  \\$aBATCH-CLA$b00$c20221206$lBLL01$h1801
=CAT  \\$aIPL-CLA$c20221231$lBLL01$h2123
=CAT  \\$aBATCH-CLA$b00$c20230302$lBLL01$h1801
=CFI  0\$aCurrent Copyright Fee: GBP25.00$c0$e09-feb-2023$fGBP25.00$g0$hC$5Uk
=FIN  \\$aY$d20060518
=LKR  \\$aANA$b012488835$lBLL01$r773$y2006$v50$i5$mConcordat and change : a view of the CPA annual conference$nBiomedical Scientist
=TCO  \\$aCLA$bCLA$c008
=ACF  \\$aPrevious Copyright Fee: GBP12.00$c0$e01-oct-2012$fGBP12.00$g0$hC$5Uk
=ACF  \\$aPrevious Copyright Fee: GBP12.30$c0$e01-jan-2014$fGBP12.30$g0$hC$5Uk
=ACF  \\$aPrevious Copyright Fee: GBP20.00$c0$e01-jan-2020$fGBP20.00$g0$hC$5Uk
=LAS  \\$aBATCH-CLA$b00$c20230302$lBLL01$h1801

