=LDR  01812pam a2200469 a 4500
=001  013476110
=003  Uk
=005  20080502151423.0
=008  060509s2006\\\\ne\a\\\\\b\\\\001\0\eng\\
=FMT  \\$a  BK
=015  \\$aGBA649952$2bnb
=016  7\$a013476110$2Uk
=020  \\$a9004151826 (hbk.) :$cNo price
=040  \\$aStDuBDS$beng$cStDuBDS$duk
=042  \\$aukblsr
=082  04$a363.6909581$222
=245  00$aArt and archaeology of Afghanistan :$bits fall and survival : a multi-disciplinary approach /$cedited by Juliette van Krieken-Pieters.
=260  \\$aLeiden :$bBrill ;$aBiggleswade :$bExtenza Turpin [distributor],$c2006.
=300  \\$axxi, 412 p., [64] p. of plates :$bill. (some col.), map ;$c25 cm.
=336  \\$atext$2rdacontent
=337  \\$aunmediated$2rdamedia
=338  \\$avolume$2rdacarrier
=490  1\$aHandbook of oriental studies. Section 8, Central Asia ;$v14
=500  \\$aFormerly CIP$5Uk
=504  \\$aIncludes bibliographical references and index.
=650  \0$aCultural property$xProtection$zAfghanistan.
=650  \0$aArchaeology and art$zAfghanistan.
=650  \0$aArt$zAfghanistan.
=651  \0$aAfghanistan$xAntiquities.
=700  1\$aKrieken-Pieters, Juliette van.
=830  \0$aHandbuch der Orientalistik.$nAchte Abteilung,$pHandbook of Uralic studies ;$vv. 14.
=852  41$aBritish Library$bHMNTS$jWP.B.42p/14
=852  11$aBritish Library$bOC$cSPHOA$kOIH363.69
=CAT  \\$aBATCH-CIP$b00$c20060523$lBLL01$h1702
=CAT  \\$c20060523$lBLL01$h1704
=CAT  \\$c20060523$lBLL01$h1718
=CAT  \\$a1722$b40$c20080502$lBLL01$h1509
=CAT  \\$a1722$b40$c20080502$lBLL01$h1514
=CAT  \\$aBATCH-UPD$b40$c20150604$lBLL01$h1126
=CAT  \\$aWR16_021$c20160614$lBLL01$h1811
=FIN  \\$aY$d20080502
=LAS  \\$aWR16_021$b00$c20160614$lBLL01$h1811

