=LDR  03416 am a2200733 a 4500
=001  013481711
=003  Uk
=005  20111115145606.0
=008  060531m20002002enka\\\\\\\\\|001\0\eng\\
=FMT  \\$a  BK
=015  \\$aGBA715850$2bnb
=016  7\$a013481711$2Uk
=020  \\$a0751770310 (unit 1 : pbk.)
=020  \\$a0751770604 (unit 2 : 2nd ed. : pbk.)
=020  \\$a0751770337 (unit 3 : pbk.)
=020  \\$a0751770612 (unit 4 : 2nd ed. : pbk.)
=020  \\$a0751770620 (unit 5 : 2nd ed. : pbk.)
=020  \\$a0751770639 (unit 6 : 2nd ed. : pbk.)
=020  \\$a0751770647 (unit 7 : 2nd ed. : pbk.)
=020  \\$a0751770388 (unit 8 : pbk.)
=020  \\$a0751770701 (units 9-12 : 2nd ed. : pbk.)
=020  \\$a0751770418 (units 13-16 : pbk.)
=020  \\$a0751770426 (units 17-20 : pbk.)
=020  \\$a0751770434 (units 21-24 : pbk.)
=040  \\$aUk$beng$cUk
=042  \\$aukblsr
=082  04$a650.071141$223
=245  00$aHNC HND business :$bBTEC course book.
=260  \\$aLondon :$bBPP Pub.,$c2000-2002.
=300  \\$a12 v. :$bill. ;$c30 cm.
=336  \\$atext$2rdacontent
=337  \\$aunmediated$2rdamedia
=338  \\$avolume$2rdacarrier
=500  \\$a"Comprehensive coverage of the new EDEXCEL guidelines for BTEC HNC/HND in Business."
=500  \\$aTitle from cover.
=500  \\$aIncludes 2nd editions of some vols.
=505  0\$aCore unit 1. Marketing -- Core unit 2. Managing financial resources -- Core unit 3. Organisations and behaviour -- Core unit 4. Organisations, competition and the environment -- Core unit 5. Quantitative techniques for business -- Core unit 6. Legal and regulatory framework -- Core unit 7. Management information systems -- Core unit 8. Business strategy -- Option units 9, 10, 11, 12. Business and finance -- Option units 13, 14, 15, 16. Business and management -- Option units 17, 18, 19, 20. Business and marketing -- Option units 21, 22, 23, 24. Business and personnel.
=500  \\$aIncludes indexes.
=610  20$aBusiness and Technician Education Council (Great Britain)$xExaminations.
=650  \0$aBusiness education$zGreat Britain$xExaminations$vStudy guides.
=852  41$aBritish Library$bHMNTS$jYK.2012.b.726$iunit 8
=852  41$aBritish Library$bHMNTS$iunit 2
=852  41$aBritish Library$bHMNTS$jYK.2012.b.731$iunits 17-20
=852  41$aBritish Library$bHMNTS$jYK.2012.b.722$iunit 4
=852  41$aBritish Library$bHMNTS$jYK.2012.b.724$iunit 6
=852  41$aBritish Library$bHMNTS$jYK.2012.b.725$iunit 7
=852  41$aBritish Library$bHMNTS$jYK.2012.b.727$iunits 9-12
=852  41$aBritish Library$bHMNTS$iunit 3
=852  41$aBritish Library$bHMNTS$jYK.2012.b.730$iunits 13-16
=852  41$aBritish Library$bHMNTS$jYK.2012.b.732$iunits 21-24
=852  41$aBritish Library$bHMNTS$iunit 1
=852  41$aBritish Library$bHMNTS$jYK.2012.b.723$iunit 5
=CAT  \\$a12271$b40$c20060531$lBLL01$h1556
=CAT  \\$a11317$b40$c20070227$lBLL01$h1501
=CAT  \\$a11317$b40$c20070227$lBLL01$h1534
=CAT  \\$a11317$b40$c20070227$lBLL01$h1539
=CAT  \\$a11317$b40$c20070227$lBLL01$h1545
=CAT  \\$aBATCH$b00$c20091217$lBLL01$h0422
=CAT  \\$aBATCH$b00$c20100103$lBLL01$h1217
=CAT  \\$a6989$b40$c20111115$lBLL01$h1441
=CAT  \\$a6989$b40$c20111115$lBLL01$h1456
=CAT  \\$aWR16_021$c20160614$lBLL01$h1812
=FIN  \\$aY$d20070227
=LAS  \\$aWR16_021$b00$c20160614$lBLL01$h1812

