=LDR  01224 am a22003497a 4500
=001  013487253
=003  Uk
=005  20060714150501.0
=008  911030s1991\\\\ie\\\\\\\\\\\\000\0\eng\\
=FMT  \\$a  BK
=020  \\$a1872993044 (pbk.)
=040  \\$aGZN$beng$cGZN$dOCLCQ$dUK
=043  \\$ae-uk-ni$ae-uk---
=100  1\$aHeatley, Robert.
=245  10$aBreaking the deadlock :$ba way out of the Northern impasse /$cRobert Heatley ; with a foreword by Clare Short.
=260  \\$aDublin :$bFulcrum and Campaign for Democracy,$c1991.
=300  \\$a38 p. ;$c21 cm.
=336  \\$atext$2rdacontent
=337  \\$aunmediated$2rdamedia
=338  \\$avolume$2rdacarrier
=650  \0$aIrish question.
=651  \0$aNorthern Ireland$xPolitics and government$y1969-1994.
=651  \0$aGreat Britain$xPolitics and government$y20th century.
=710  2\$aCampaign for Democracy (Belfast, Northern Ireland)
=852  41$aBritish Library$bHMNTS$2NPA
=852  41$aBritish Library$bHMNTS$jYD.2006.a.6055
=CAT  \\$a5703$b40$c20060607$lBLL01$h1634
=CAT  \\$a9671$b40$c20060706$lBLL01$h1326
=CAT  \\$a9572$b40$c20060714$lBLL01$h1505
=FIN  \\$aY$d20060706
=SID  \\$aZ39$bOCLC
=LAS  \\$a9572$b40$c20060714$lBLL01$h1505

