=LDR  01348 cm a2200373 a 4500
=001  013489727
=003  Uk
=005  20061005095923.0
=008  921021s1971\\\\xxu||ae|\||||||n\\|\zxx\d
=FMT  \\$a  MU
=040  \\$aOCP$beng$cOCP$dOCLCQ$dTXH$dUk
=082  04$a787.076$222
=100  1\$aKievman, Louis.
=245  10$aIntroduction to strings :$bprogrammed instruction for the music educator : a twelve week string course for individual or group practice : violin, viola, cello, bass /$cby Louis Kievman.
=260  \\$aPacific Palisades, Calif. :$bKelton Publications,$cc1971.
=300  \\$a1 score (72 p.) + 4 parts :$bill. ;$c31 cm.
=336  \\$anotated music$2rdacontent
=337  \\$aunmediated$2rdamedia
=338  \\$avolume$2rdacarrier
=650  \0$aCello$vMethods.
=650  \0$aDouble bass$vMethods.
=650  \0$aViola$vMethods.
=650  \0$aViolin$vMethods.
=852  41$aBritish Library$bDSC$jH06/.7395
=852  41$aBritish Library$bDSC$zDSCMUSIC
=985  \\$aRecord amended for WR# 13/070
=CAT  \\$a8870$b40$c20060613$lBLL01$h1402
=CAT  \\$a8870$b40$c20060613$lBLL01$h1405
=CAT  \\$a8870$b40$c20061005$lBLL01$h0940
=CAT  \\$a8870$b40$c20061005$lBLL01$h0959
=CAT  \\$aWR13_070$b00$c20130504$lBLL01$h0245
=FIN  \\$aY$d20061005
=SID  \\$aZ39$bOCLC
=LAS  \\$aWR13_070$b00$c20130504$lBLL01$h0245

