=LDR  02583 am a2200697 a 4500
=001  013494353
=003  Uk
=005  20070626144955.0
=008  060210s2006\\\\ne\a\\\\\b\\\\001\0\eng\\
=FMT  \\$a  BK
=015  \\$aGBA748863$2bnb
=016  7\$a013494353$2Uk
=020  \\$a9027231893 (pbk.) :$cNo price
=040  \\$aOHX$cOHX$dBAKER$dUk
=042  \\$aukblsr
=072  \7$aHD$2lcco
=072  \7$aP$2lcco
=082  04$a658.84028551$222
=245  00$aPerspectives on localization /$cedited by Keiran J. Dunne.
=260  \\$aAmsterdam :$bBenjamins,$c2006.
=300  \\$avi, 356 p. :$bill. ;$c25 cm.
=336  \\$atext$2rdacontent
=337  \\$aunmediated$2rdamedia
=338  \\$avolume$2rdacarrier
=490  0\$aAmerican Translators Association scholarly monograph series,$x0890-4111 ;$vv. 13
=504  \\$aIncludes bibliographical references and index.
=540  \\$aBritish Library not licensed to copy$c0$5Uk
=650  \0$aTranslating and interpreting.
=650  \0$aCommunication in marketing.
=650  \0$aExport marketing.
=650  \0$aSoftware localization.
=650  \0$aComputer programs$xTranslations.
=690  7\$aManagement and Business Studies$2blcoll
=700  1\$aDunne, Keiran J.
=710  2\$aAmerican Translators Association.
=852  41$aBritish Library$bHMNTS$jYC.2007.a.9293
=852  41$aBritish Library$bDSC$j0857.974500$iv. 13
=852  41$aBritish Library$bHMNTS$iZA.9.a.7355(13)
=CAT  \\$a9523$b40$c20060620$lBLL01$h1501
=CAT  \\$a9523$b40$c20060620$lBLL01$h1507
=CAT  \\$a11317$b40$c20060706$lBLL01$h0809
=CAT  \\$a11009$b40$c20061122$lBLL01$h1334
=CAT  \\$a11009$b40$c20061123$lBLL01$h0959
=CAT  \\$a7143$b40$c20070626$lBLL01$h1449
=CAT  \\$aBATCH$b00$c20090624$lBLL01$h1714
=CAT  \\$aBATCH-CLA$b00$c20130602$lBLL01$h0146
=CAT  \\$aIPL-CLA$c20130701$lBLL01$h0059
=CAT  \\$aBATCH-CLA$b00$c20130902$lBLL01$h0135
=CAT  \\$aIPL-CLA$c20130930$lBLL01$h1747
=CAT  \\$aBATCH-CLA$b00$c20131202$lBLL01$h0327
=CAT  \\$aIPL-CLA$c20140101$lBLL01$h0005
=CAT  \\$aBATCH-CLA$b00$c20140327$lBLL01$h1816
=CAT  \\$aIPL-CLA$c20140331$lBLL01$h1629
=CAT  \\$aWR16_021$c20160614$lBLL01$h1814
=CAT  \\$aBATCH-CLA$b00$c20160615$lBLL01$h0245
=CFI  0\$aBritish Library not licensed to copy$c0$e01-jul-2014$hC$iCFP Excluded$5Uk
=FIN  \\$aY$d20060706
=SID  \\$aZ39$bOCLC
=TCO  \\$aTRS$bCCC$c008
=ACF  \\$aBritish Library not licensed to copy$c0$e01-oct-2013$hC$iCFP Excluded$5Uk
=LAS  \\$aBATCH-CLA$b00$c20160615$lBLL01$h0245

