=LDR  01879aam a2200553 a 4500
=001  013494548
=003  Uk
=005  20070125213555.0
=008  050916s2007\\\\nyua\\\\\b\\\\001\0\eng\\
=FMT  \\$a  BK
=010  \\$a  2005054659
=015  \\$aGBA655483$2bnb
=016  7\$a013494548$2Uk
=020  \\$a9780195176872 (hbk.) :$c£52.00
=020  \\$a0195176871 (hbk.) :$c£52.00
=020  \\$a9780195176889 (pbk.) :$c£26.99
=020  \\$a019517688X (pbk.) :$c£26.99
=040  \\$aStDuBDS$beng$cStDuBDS$dUk
=042  \\$aukblsr
=050  00$aRB112.5$b.C57 2006
=082  00$a612.015$222
=245  00$aClinical studies in medical biochemistry /$cedited by Robert H. Glew and Miriam D. Rosenthal.
=250  \\$a3rd ed.
=260  \\$aOxford :$bOxford University Press,$c2007.
=300  \\$axiv, 373 p. :$bill. ;$c26 cm.
=336  \\$atext$2rdacontent
=337  \\$aunmediated$2rdamedia
=338  \\$avolume$2rdacarrier
=500  \\$aFormerly CIP.$5Uk
=504  \\$aIncludes bibliographical references and index.
=650  \0$aClinical biochemistry$vCase studies.
=650  12$aBiochemistry$vCase Reports.
=650  22$aLaboratory Techniques and Procedures$vCase Reports.
=650  22$aMetabolic Diseases$vCase Reports.
=700  1\$aGlew, Robert H.
=700  1\$aRosenthal, Miriam D.
=852  11$aBritish Library$bDSC$k(B)$h612.015
=852  41$aBritish Library$bDSC$jm06/.42078
=BUF  \\$aN$d20061128
=CAT  \\$aBATCH-CIP$b00$c20060620$lBLL01$h1700
=CAT  \\$c20060620$lBLL01$h1703
=CAT  \\$c20060620$lBLL01$h1717
=CAT  \\$aBATCH$b00$c20061106$lBLL01$h1042
=CAT  \\$aBATCH$b00$c20061106$lBLL01$h1050
=CAT  \\$a9523$b40$c20061128$lBLL01$h0846
=CAT  \\$aBATCH-BUOC$b00$c20070125$lBLL01$h2135
=CAT  \\$aWR16_021$c20160614$lBLL01$h1814
=FIN  \\$aY$d20061128
=LAS  \\$aWR16_021$b00$c20160614$lBLL01$h1814

