=LDR  02556pam a2200637 a 4500
=001  013507456
=003  Uk
=005  20070227105242.0
=008  060706s2006\\\\nyu\\\\\\b\\\\001\0\eng\\
=FMT  \\$a  BK
=015  \\$aGBA660503$2bnb
=016  7\$a013507456$2Uk
=020  \\$a0231139160 (pt. 1 : cased) :$c£45.00
=020  \\$a0231139179 (pt. 1 : pbk.) :$c£17.50
=020  \\$a0231139187 (pt. 2: cased) :$c£45.00
=020  \\$a0231139195 (pt. 2 : pbk.) :$c£17.50
=040  \\$aStDuBDS$beng$cStDuBDS$dUk
=042  \\$aukblsr
=082  04$a952$222
=245  00$aSources of Japanese tradition.$nVolume 2,$p1600 to 2000.
=250  \\$a2nd ed., abridged /$bcompiled by Wm. Theodore de Bary, Carol Gluck and Arthur E. Tiedemann ; with the collaboration of Willem Boot ... [et al.].
=260  \\$aNew York ;$aChichester :$bColumbia University Press,$cc2006.
=300  \\$a2 v. ;$c25 cm.
=336  \\$atext$2rdacontent
=337  \\$aunmediated$2rdamedia
=338  \\$avolume$2rdacarrier
=490  1\$aIntroduction to Asian civilizations
=500  \\$aAbridged version of 2nd ed. of volume 2 published: New York: Columbia University Press, 2005.
=505  0\$apt. 1. 1600 to 1868 -- pt. 2. 1868-2000.
=504  \\$aIncludes bibliographical references and index.
=500  \\$aFormerly CIP.$5Uk
=651  \0$aJapan$xCivilization$y1600-1868$vSources.
=651  \0$aJapan$xCivilization$y1868-$vSources.
=651  \0$aJapan$xIntellectual life$y1600-1868$vSources.
=651  \0$aJapan$xIntellectual life$y1868-$vSources.
=651  \0$aJapan$xHistory$yTokugawa period, 1600-1868$vSources.
=651  \0$aJapan$xHistory$y1868-$vSources.
=700  1\$aDe Bary, Wm. Theodore,$d1919-2017.
=700  1\$aGluck, Carol,$d1941-
=700  1\$aTiedemann, Arthur E.
=830  \0$aIntroduction to Asian civilizations.
=852  41$aBritish Library$bHMNTS$ipt. 2
=852  41$aBritish Library$bHMNTS$jYC.2007.a.3314$ipt. 1
=CAT  \\$aBATCH-CIP$b00$c20060711$lBLL01$h1701
=CAT  \\$aBATCH$b00$c20060711$lBLL01$h1702
=CAT  \\$aBATCH$b00$c20060711$lBLL01$h1711
=CAT  \\$a11168$b40$c20070131$lBLL01$h1540
=CAT  \\$a11317$b40$c20070212$lBLL01$h1341
=CAT  \\$a11317$b40$c20070227$lBLL01$h1052
=CAT  \\$aBATCH$b00$c20091217$lBLL01$h0425
=CAT  \\$aBATCH$b00$c20100103$lBLL01$h1220
=CAT  \\$aWR16_021$c20160615$lBLL01$h1804
=CAT  \\$aBATCH-UPD$b00$c20160615$lBLL01$h1814
=CAT  \\$aBATCH-UPD$b00$c20170720$lBLL01$h2119
=FIN  \\$aY$d20070212
=LAS  \\$aBATCH-UPD$b00$c20170720$lBLL01$h2119

