=LDR  03499cam a2200853 a 4500
=001  013508472
=003  Uk
=005  20230924064316.0
=008  780722m18919999enk\\\\\\b\\\\001\0\eng\\
=FMT  \\$a  BK
=010  \\$a   01004212 
=015  \\$aGBA665800$2bnb
=020  \\$a0521862671 (v. 5) :$cNo price
=035  \\$a(OCoLC)4075039
=040  \\$aEQO$cEQO$dIXA$dORU$dUk
=042  \\$aukblsr
=050  00$aDA20$b.C17
=082  04$a941.06$222
=100  1\$aClarke, William,$cSir,$d1623-1666.
=245  14$aThe Clarke papers.$bSelections from the papers of William Clarke, secretary to the Council of the Army, 1647-1649, and to General Monck and the commanders of the army in Scotland, 1651-1660.$cedited by C.H. Firth.
=260  \\$aLondon :$bPrinted for the Camden Society,$c1891-
=300  \\$av. ;$c22 cm.
=336  \\$atext$2rdacontent
=337  \\$aunmediated$2rdamedia
=338  \\$avolume$2rdacarrier
=490  0\$av. 1-4: Camden new series ;$vv. 49, 54, 61-62
=490  0\$av. 5: Camden fifth series ;$vv. 27
=500  \\$aVol. 5: edited by Frances Henderson.
=500  \\$aVols. 3-4 have imprint: London : Longmans, Green, and Co., 1899-1901. Vol. 5 has imprint: London : Cambridge University Press for the Royal Historical Society, 2005.
=540  \\$aCurrent Copyright Fee: GBP10.00$c0$5Uk
=600  10$aClarke, William,$cSir,$d1623-1666.
=651  \0$aGreat Britain$xHistory$yCivil War, 1642-1649$vSources.
=700  1\$aFirth, C. H.$q(Charles Harding),$d1857-1936.
=700  1\$aHenderson, Frances.
=852  41$aBritish Library$bHMNTS$iAc.8118/9(27)
=852  41$aBritish Library$bHMNTS$jAc.8113/135.[4.]$ivol 4
=852  41$aBritish Library$bHMNTS$jAc.8113/135.[3.]
=852  41$aBritish Library$bHMNTS$jAc.8113/135.[2.]
=852  41$aBritish Library$bDSC$j3016.035000$iNew Series 49
=852  41$aBritish Library$bHMNTS$jAc.8113/135.[1.]
=852  41$aBritish Library$bDSC$j3016.035000
=852  41$aBritish Library$bDSC$j3016.035000$iv. 27
=CAT  \\$a8197$b40$c20060712$lBLL01$h0944
=CAT  \\$a11009$b40$c20060720$lBLL01$h1410
=CAT  \\$a11009$b40$c20060727$lBLL01$h1238
=CAT  \\$a11009$b40$c20060727$lBLL01$h1239
=CAT  \\$aBATCH-CLA$b00$c20120928$lBLL01$h1837
=CAT  \\$aBATCH-CLA$b00$c20120930$lBLL01$h1047
=CAT  \\$aBATCH-CLA$b00$c20130508$lBLL01$h0734
=CAT  \\$aBATCH-CLA$c20131220$lBLL01$h2038
=CAT  \\$aIPL-CLA$c20140101$lBLL01$h0006
=CAT  \\$aBATCH-CLA$b00$c20160325$lBLL01$h0924
=CAT  \\$aIPL-CLA$c20160331$lBLL01$h1735
=CAT  \\$aBATCH-CLA$b00$c20221206$lBLL01$h1748
=CAT  \\$aIPL-CLA$c20221231$lBLL01$h2124
=CAT  \\$aBATCH-CLA$b00$c20230302$lBLL01$h1801
=CAT  \\$aW2308-1659$c20230923$lBLL01$h0924
=CAT  \\$aBATCH-CLA$b00$c20230924$lBLL01$h0643
=CFI  0\$aCurrent Copyright Fee: GBP10.00$c0$e09-feb-2023$fGBP10.00$g0$hC$5Uk
=LEO  \\$aMP1.0004440172
=LEO  \\$aMP1.0004440169
=LEO  \\$aMP1.0004440167
=LEO  \\$aMP1.0000754148
=LEO  \\$aMP34.0000080109
=LEO  \\$aMP34.0000080110
=SID  \\$aZ39$bOCLC
=SRC  \\$aBLL02$bpart.2.aa
=SRC  \\$aBLS01$bbibmp1.200404.2.ae
=SRC  \\$aBLS01$bbibmp1.200404.2.aa
=SRC  \\$aUCB01$bbibmp34.200404.2.aa
=TCO  \\$aCLA$bCLA$c008
=ACF  \\$aPrevious copyright fee: GBP12.00$c0$e01-jan-2012$fGBP12.00$g0$hA$5Uk
=ACF  \\$aPrevious Copyright Fee: GBP12.30$c0$e01-jan-2014$fGBP12.30$g0$hA$5Uk
=LAS  \\$aBATCH-CLA$b00$c20230924$lBLL01$h0643

