=LDR  01345 cm a2200409 a 4500
=001  013509500
=003  Uk
=005  20100330094559.0
=008  060714s2000\\\\fi\||z\|\||||||n\\|\zxx\\
=FMT  \\$a  MU
=020  \\$a8759810041
=028  32$aHH 00104$bEdition Wilhelm Hansen
=028  32$aCH65230$bChester Music
=035  \\$a(GyWOH)har055013121
=040  \\$aUk$beng$cUk
=082  04$a786.2$222
=100  1\$aSalonen, Esa-Pekka,$d1958-
=240  10$aYta,$nno. 2
=245  10$aYta II :$bfor piano : 1985 /$cEsa-Pekka Salonen ; edited by Gloria Cheng.
=260  \\$aHelsinki :$bEdition Wilhelm Hansen ;$aLondon :$bChester Music,$cc2000.
=300  \\$a9 p.;$c30 x 42 cm.
=336  \\$anotated music$2rdacontent
=337  \\$aunmediated$2rdamedia
=338  \\$avolume$2rdacarrier
=500  \\$aDuration: ca. 6:00.
=500  \\$a"Special order edition"--Cover.
=500  \\$aPerformance instructions and programme note in English.
=650  \0$aPiano music.
=852  41$aBritish Library$bDSC$cMUSIC
=852  41$aBritish Library$bMUSIC$jP.2210.(2.)
=CAT  \\$a8870$b40$c20060714$lBLL01$h1057
=CAT  \\$a4587$b40$c20060808$lBLL01$h1508
=CAT  \\$a8870$b40$c20070920$lBLL01$h1333
=CAT  \\$a12418$b40$c20100330$lBLL01$h0945
=FIN  \\$aY$d20070920
=SID  \\$aZ39$bOCLC
=LAS  \\$a12418$b40$c20100330$lBLL01$h0945

