=LDR  01608 cm a2200469 a 4500
=001  013526089
=003  Uk
=005  20070626161158.0
=008  060804s2004\\\\gw\||ae||||||||n||||zxx|d
=FMT  \\$a  MU
=024  2\$aM001134910
=028  32$aED 9619$bSchott
=035  \\$a(GyWOH)har055023031
=039  0\$a0702
=040  \\$aGyWOH$beng$cGyWOH$dUk
=041  0\$gger$geng$gfre
=082  04$a785.7194$222
=100  1\$aDessau, Paul,$d1894-1979.
=240  10$aQuartets,$mviolins (2), viola, cello,$nno. 3
=245  10$aStreichquartett Nr. 3 =$bString quartet no. 3 : (1943/46) /$cPaul Dessau.
=246  31$aString quartet no. 3
=260  \\$aMainz :$bSchott,$cc2004.
=300  \\$a1 score (20 p.) + 4 parts (5 p. each) ;$c31 cm.
=336  \\$anotated music$2rdacontent
=337  \\$aunmediated$2rdamedia
=338  \\$avolume$2rdacarrier
=500  \\$aPreface in German, English and French.
=650  \0$aString quartets$vScores and parts
=852  41$aBritish Library$bMUSIC$jg.1796.z.(10.)
=852  41$aBritish Library$bDSC$cMUSIC
=CAT  \\$aBATCH-HARR$b00$c20060807$lBLL01$h1635
=CAT  \\$aBATCH$b00$c20060807$lBLL01$h1637
=CAT  \\$a4587$b40$c20060808$lBLL01$h1226
=CAT  \\$a11696$b40$c20060925$lBLL01$h1605
=CAT  \\$a11696$b40$c20060925$lBLL01$h1606
=CAT  \\$aBATCH-UPD$b40$c20070605$lBLL01$h1119
=CAT  \\$a8870$b40$c20070626$lBLL01$h1611
=CAT  \\$aW1612-0678$b00$c20170123$lBLL01$h1434
=CAT  \\$aW1904-0451$c20190428$lBLL01$h1305
=FIN  \\$aY$d20060925
=SRC  \\$aHarrassowitz - Supplier
=LAS  \\$aW1904-0451$b00$c20190428$lBLL01$h1305

