=LDR  01817 am a2200481 a 4500
=001  013529674
=003  Uk
=005  20060908081110.0
=008  060811s2006\\\\enka\\\\\b\\\\000\0\eng\\
=FMT  \\$a  BK
=016  7\$a013529674$2Uk
=040  \\$aUk$beng$cUk$dUK
=042  \\$aukblsr
=082  04$a616.042$222
=245  04$aThe clinical effectiveness and cost-effectiveness of enzyme replacement therapy for Gaucher's disease :$ba systematic review /$cM. Connock ... [et al.].
=260  \\$aTunbridge Wells :$bGray Publishing on behalf of NCCHTA,$c2006.
=300  \\$axii, 152 p. :$bill. ;$c30 cm.
=336  \\$atext$2rdacontent
=337  \\$aunmediated$2rdamedia
=338  \\$avolume$2rdacarrier
=490  1\$aHealth technology assessment,$x1366-5278 ;$vv. 10, no. 24
=530  \\$aAlso available via the Internet.
=504  \\$aIncludes bibliographical references.
=650  \0$aGaucher's disease$xTreatment.
=650  \0$aEnzymes$xTherapeutic use.
=710  2\$aNHS R & D HTA Programme (Great Britain)
=700  1\$aConnock, M.
=710  2\$aNational Co-ordinating Centre for HTA (Great Britain)
=830  \0$aHealth technology assessment,$x1366-5278 ;$vv. 10, no. 24
=852  41$aBritish Library$bDSC$jv. 10, no. 24
=852  71$aBritish Library$bHMNTS$k(P)$hGP 00$m-E(315)
=BGT  \\$at
=CAT  \\$a10775$b40$c20060811$lBLL01$h1418
=CAT  \\$a11325$b40$c20060818$lBLL01$h1114
=CAT  \\$a12327$b40$c20060901$lBLL01$h1052
=CAT  \\$a9671$b40$c20060907$lBLL01$h0827
=CAT  \\$a9671$b40$c20060907$lBLL01$h0919
=CAT  \\$a5100$b40$c20060908$lBLL01$h0811
=CAT  \\$aBATCH$b00$c20091217$lBLL01$h0428
=CAT  \\$aBATCH$b00$c20100103$lBLL01$h1222
=CAT  \\$aWR16_021$c20160615$lBLL01$h1809
=FIN  \\$aY$d20060818
=LAS  \\$aWR16_021$b00$c20160615$lBLL01$h1809

