=LDR  02012 am a2200481 i 4500
=001  013538614
=003  Uk
=005  20181126154301.0
=008  060823m20049999gw\a\\\\\b\\\|0|1\0|ger\\
=FMT  \\$a  BK
=020  \\$a3930609452$qv. 3, pt. 1
=020  \\$a3930609460$qv. 3, pt. 2
=020  \\$a9783930609598$qv. 3, pt. 3
=040  \\$aUk$beng$cUk$erda
=042  \\$aukblsr
=100  1\$aDegenhart, Bernhard,$eauthor.
=245  10$aCorpus der italienischen Zeichnungen 1300-1450.$nTeil III,$pVerona /$cBernhardt Degenhart, Annegrit Schmitt : in Zusammenarbeit mit Hans-Joachim Eberhardt [and others] ; mit Aufnahmen von Engelbert Seehuber.
=246  30$aVerona
=264  \1$aMünchen :$bBiering & Brinkmann,$c2004-
=300  \\$avolumes :$billustrations (black and white) ;$c32 cm
=336  \\$atext$2rdacontent
=336  \\$astill image$2rdacontent
=337  \\$aunmediated$2rdamedia
=338  \\$avolume$2rdacarrier
=500  \\$aVolumes 1 and 2 in slipcases.
=504  \\$aIncludes bibliographical references and index.
=505  1\$aBd. 1. Pisanello und seine Werkstatt : Text -- Bd. 2. Pisanello und seine Werkstatt : Katalog -- Bd. 3. Badile-Album : Studiensammlung einer Veroneser Künstlerwerkstatt.
=650  \0$aDrawing, Italian$zItaly$zVerona$y15th century.
=600  00$aPisanello,$d1395-approximately 1455$xCriticism and interpretation.
=700  1\$aSchmitt, Annegrit,$eauthor.
=700  1\$aEberhardt, Hans-Joachim.
=700  1\$aSeehuber, Engelbert.
=852  41$aBritish Library$bHMNTS$i[Bd.3]
=852  41$aBritish Library$bHMNTS$jLF.31.b.13508
=852  41$aBritish Library$bHMNTS$jLF.31.b.3002$i[Bd.1 & Bd.2]
=985  \\$aRecord amended for WR# 13/070
=CAT  \\$a8197$b40$c20060823$lBLL01$h1420
=CAT  \\$a8256$b40$c20070331$lBLL01$h1006
=CAT  \\$aWR13_070$b00$c20130504$lBLL01$h0246
=CAT  \\$aW1707-0052$c20170703$lBLL01$h1849
=CAT  \\$a11069$b40$c20181126$lBLL01$h1543
=FIN  \\$aY$d20070331
=LAS  \\$a11069$b40$c20181126$lBLL01$h1543

