=LDR  01709cam a22004931a 4500
=001  013542123
=003  Uk
=005  20230331164756.0
=008  060817s2007\\\\flu\\\\\\\\\\\000\0\eng\\
=FMT  \\$a  BK
=015  \\$aGBA674996$2bnb
=016  7\$a013542123$2Uk
=020  \\$a9780849382956 (hbk.) :$c£44.99
=020  \\$a0849382955 (hbk.) :$c£44.99
=040  \\$aStDuBDS$beng$cStDuBDS$dUk
=042  \\$aukblderived
=082  04$a621.38275$222
=100  1\$aAl-Azzawi, Abdul.
=245  10$aFibre optics :$bprinciples and practices /$cAbdul Al-Azzawi.
=260  \\$aBoca Raton, Fla. :$bCRC ;$aLondon :$bTaylor & Francis [distributor],$c2007.
=300  \\$a386 p. ;$c26 cm.
=336  \\$atext$2rdacontent
=337  \\$aunmediated$2rdamedia
=338  \\$avolume$2rdacarrier
=500  \\$aFormerly CIP.$5Uk
=540  \\$aCurrent Copyright Fee: GBP34.00$c0$5Uk
=650  \0$aFiber optics.
=650  \0$aOptical fiber communication.
=852  41$aBritish Library$bDSC$jm07/.15759
=852  11$aBritish Library$bDSC$k(B)$h621.38275
=BUF  \\$aN$d20070207
=CAT  \\$aBATCH-CIP$b00$c20060829$lBLL01$h1701
=CAT  \\$aBATCH$b00$c20060829$lBLL01$h1703
=CAT  \\$aBATCH$b00$c20060829$lBLL01$h1715
=CAT  \\$aBATCH$b00$c20061207$lBLL01$h1037
=CAT  \\$aBATCH$b00$c20061207$lBLL01$h1045
=CAT  \\$a12323$b40$c20070207$lBLL01$h1201
=CAT  \\$aWR13_095$c20130616$lBLL01$h1555
=CAT  \\$aWR16_021$c20160615$lBLL01$h1812
=CAT  \\$aBATCH-CLAB$c20230324$lBLL01$h1405
=CAT  \\$aIPL-CLA$c20230331$lBLL01$h1647
=CFI  0\$aCurrent Copyright Fee: GBP34.00$c0$e01-apr-2023$fGBP34.00$g0$hC$5Uk
=FIN  \\$aY$d20070207
=LAS  \\$aIPL-CLA$b00$c20230331$lBLL01$h1647

