=LDR  01190 cm a2200373 a 4500
=001  013553576
=003  Uk
=005  20070302143002.0
=008  050808s2004\\\\pauzzae\\\\\\\\n\\\\zxx\d
=FMT  \\$a  MU
=010  \\$a2005561327
=028  22$a144-40473$bMerion Music
=035  \\$a(OCoLC)ocm58400931
=040  \\$aILU$cILU$dDLC$dTEF$dUk
=048  \\$asa01$aka01
=050  00$aM221$b.Z
=082  04$a787.2147$222
=100  1\$aZwilich, Ellen Taaffe,$d1939-
=245  10$aEpisodes :$bfor violin and piano /$cEllen Taaffe Zwilich.
=260  \\$aKing of Prussia, PA :$bMerion Music,$cc2004.
=300  \\$a1 score (16 p.) + 1 part (7 p.) ;$c31 cm.
=336  \\$anotated music$2rdacontent
=337  \\$aunmediated$2rdamedia
=338  \\$avolume$2rdacarrier
=500  \\$aDuration: ca. 11:00.
=650  \0$aViolin and piano music$vScores and parts.
=852  41$aBritish Library$bDSC$cMUSIC
=852  41$aBritish Library$bMUSIC$jg.502.kk.(1.)
=CAT  \\$a8870$b40$c20060913$lBLL01$h1141
=CAT  \\$a8870$b40$c20070302$lBLL01$h1430
=CAT  \\$aW1904-0451$c20190428$lBLL01$h1305
=FIN  \\$aY$d20070302
=SID  \\$aZ39$bOXFORD
=LAS  \\$aW1904-0451$b00$c20190428$lBLL01$h1305

