=LDR  01216 cm a2200373 a 4500
=001  013562265
=003  Uk
=005  20061024170625.0
=008  060926r200u1925gw\||ae|\||||||n\\|\zxx\\
=FMT  \\$a  MU
=024  2\$aM220123887
=028  22$a4247$bSchott & Co. Ltd.
=028  32$aED 12061$bSchott
=040  \\$aUk$beng$cUk
=082  04$a787.2$222
=082  04$a787.3$222
=100  1\$aTertis, Lionel,$d1876-1975.
=245  10$aHier au soir :$bpensée musicale : pour violon et piano /$cLionel Tertis.
=260  \\$aMainz ;$aLondon :$bSchott,$c[200-?]
=300  \\$a1 score + 2 parts ;$c31 cm.
=336  \\$anotated music$2rdacontent
=337  \\$aunmediated$2rdamedia
=338  \\$avolume$2rdacarrier
=500  \\$a"Violon".
=500  \\$aFor violin or viola and piano.
=500  \\$aOriginally published: London : Schott & Co., 1925.
=650  \0$aViolin and piano music$vScores and parts.
=650  \0$aViola and piano music$vScores and parts.
=852  41$aBritish Library$bDSC$cMUSIC$jH06/7420
=852  41$aBritish Library$bDSC$cMUSIC
=CAT  \\$a8870$b40$c20060926$lBLL01$h1604
=CAT  \\$a8870$b40$c20061024$lBLL01$h1706
=FIN  \\$aY$d20061024
=LAS  \\$a8870$b40$c20061024$lBLL01$h1706

