=LDR  01133 cm a2200337 a 4500
=001  013572043
=003  Uk
=005  20061010122841.0
=008  041116s2002\\\\gw\||ae|\||||||n\\|\zxx\d
=FMT  \\$a  MU
=028  22$aEB 021 R031-G$bEdition Butorac
=040  \\$aINU$cINU$dUk
=041  0\$gger
=082  04$a787.21862$222
=100  1\$aRieding, O.$q(Oskar)
=240  10$aConcertinos,$mviolin, piano,$nop. 5,$rD major
=245  10$aConcertino D-Dur, op. 5, für Violine und Klavier /$cOskar Rieding ; neu revidiert und herausgegeben von Tomislav Butorac.
=260  \\$aMünchen :$bEdition Butorac,$cc2002.
=300  \\$a1 score (16 p.) + 1 part (7 p.) ;$c31 cm.
=336  \\$anotated music$2rdacontent
=337  \\$aunmediated$2rdamedia
=338  \\$avolume$2rdacarrier
=500  \\$aIncludes pref. in German.
=650  \0$aViolin and piano music$vScores and parts.
=700  1\$aButorac, Tomislav.
=852  41$aBritish Library$bDSC$jH06/7398
=852  41$aBritish Library$bDSC$cMUSIC
=CAT  \\$a8870$b40$c20061010$lBLL01$h1228
=FIN  \\$aY$d20061010
=SID  \\$aZ39$bOCLC
=LAS  \\$a8870$b40$c20061010$lBLL01$h1228

