=LDR  01309 cm a2200385 a 4500
=001  013572197
=003  Uk
=005  20061010143050.0
=008  041001s2004\\\\sz\||ae|\||||||n\\|\zxx\d
=FMT  \\$a  MU
=028  32$aBP 1365$bAmadeus
=040  \\$aYUS$cYUS$dUk
=041  0\$geng$gger
=050  \4$aM184.H354$bA1
=082  04$a787.2$222
=082  04$a788.32$222
=100  1\$aHasse, Hans,$d1855-1932.
=240  10$aAdagio,$mviolin, organ
=245  10$aAdagio für Violine oder Flöte und Orgel =$bAdagio for violin or flute and organ /$cHans Hasse ; nach dem Erstdruck herausgegeben von Bernhard Päuler.
=260  \\$aWinterthur :$bAmadeus,$c2004.
=300  \\$a1 score (7 p.) + 1 part (5 p.) ;$c31 cm.
=336  \\$anotated music$2rdacontent
=337  \\$aunmediated$2rdamedia
=338  \\$avolume$2rdacarrier
=500  \\$aIncludes pref. in English and German.
=650  \0$aViolin and organ music$vScores and parts.
=650  \0$aFlute and organ music$vScores and parts.
=700  1\$aPäuler, Bernhard.
=852  41$aBritish Library$bDSC$cMUSIC
=852  41$aBritish Library$bDSC$jH06/7400
=CAT  \\$a8870$b40$c20061010$lBLL01$h1430
=CAT  \\$aBATCH-UPD$b40$c20130920$lBLL01$h2141
=FIN  \\$aY$d20061010
=SID  \\$aZ39$bOCLC
=LAS  \\$aBATCH-UPD$b40$c20130920$lBLL01$h2141

