=LDR  01231 cm a2200373 a 4500
=001  013572221
=003  Uk
=005  20061010144420.0
=008  041105s2003\\\\xr\||ae|\||||||n\\|\zxx\d
=FMT  \\$a  MU
=024  2\$aM260102439
=028  22$aH 7914$bEditio Bärenreiter
=040  \\$aINU$cINU$dUk
=041  0\$gcze$gger$geng
=082  04$a787.2$222
=100  1\$aKubelík, Jan.
=240  10$aBurlesque,$mviolin, piano
=245  10$aBurlesque, violino e piano /$cJan Kubelík ; rev. Václav Snítil.
=260  \\$aPraha :$bEditio Bärenreiter,$cc2003.
=300  \\$a1 score (15 p.) + 1 part (8 p.) ;$c31 cm.
=336  \\$anotated music$2rdacontent
=337  \\$aunmediated$2rdamedia
=338  \\$avolume$2rdacarrier
=500  \\$aIncludes biographical notes in Czech, German, and English.
=650  \0$aViolin and piano music$vScores and parts.
=700  1\$aSnítil, Václav.
=852  41$aBritish Library$bDSC$cMUSIC
=852  41$aBritish Library$bDSC$jH06/7402
=CAT  \\$a8870$b40$c20061010$lBLL01$h1444
=CAT  \\$aBATCH-UPD$b40$c20080705$lBLL01$h0510
=CAT  \\$aBATCH-UPD$b40$c20150313$lBLL01$h2153
=FIN  \\$aY$d20061010
=SID  \\$aZ39$bOCLC
=LAS  \\$aBATCH-UPD$b40$c20150313$lBLL01$h2153

