=LDR  01394 cm a2200397 a 4500
=001  013572311
=003  Uk
=005  20061010160105.0
=008  061010r20001921gw\||a\|\||||||n\\|\ger\\
=FMT  \\$a  MU
=024  2\$aM001031981
=028  32$aED 836$bSchott
=040  \\$aUk$beng$cUk
=041  1\$ager$aeng
=082  04$a783.6842$222
=100  1\$aWagner, Richard,$d1813-1883.
=245  10$aWesendonck-Lieder :$bnach Gedichten von Mathilde Wesendonck : WWV 91 A : für eine Frauenstimme und Klavier /$cRichard Wagner ; Englischer Text von Fr. Hueffer.
=250  \\$aTiefere Stimme.
=260  \\$aMainz :$bSchott,$c[2000].
=300  \\$a1 score (19 p.) ;$c31 cm.
=336  \\$anotated music$2rdacontent
=337  \\$aunmediated$2rdamedia
=338  \\$avolume$2rdacarrier
=500  \\$aFor alto voice and piano.
=546  \\$aGerman and English words.
=505  0\$aDer Engel -- Stehe still -- Im Treibhaus -- Schmerzen -- Träume.
=650  \0$aSongs (Low voice) with piano.
=700  1\$aWesendonck, Mathilde,$d1828-1902.
=700  1\$aHueffer, Francis,$d1845-1889.
=852  41$aBritish Library$bDSC$cMUSIC
=852  41$aBritish Library$bDSC$jH06/7396
=CAT  \\$a8870$b40$c20061010$lBLL01$h1601
=CAT  \\$aBATCH-UPD$b40$c20061119$lBLL01$h1934
=CAT  \\$aBATCH-UPD$b40$c20161117$lBLL01$h2047
=FIN  \\$aY$d20061010
=LAS  \\$aBATCH-UPD$b40$c20161117$lBLL01$h2047

