=LDR  02300 cm a2200601 a 4500
=001  013572326
=003  Uk
=005  20090902114707.0
=008  040420s2004\\\\gw\||ae|\||||||n\\|\zxx\d
=FMT  \\$a  MU
=024  2\$aM003031538
=028  32$a1981$bH. Sikorski
=028  22$aH.S. 1981$bH. Sikorski
=035  \\$a(CtY)6568362
=035  \\$a(CStRLIN)CTYA6568362-C
=039  1\$a0803
=040  \\$aZJS$cZJS$dCtY-Mus$dUk
=042  \\$aukblsr
=082  04$a787.4$222
=100  1\$aSchnittke, Alfred,$d1934-1998.
=245  10$aMusica nostalgica :$bfür Violoncello und Klavier = for violoncello and piano /$cAlfred Schnittke. Mit einem Lächeln für Slawa : für Violoncello und Klavier / Gija Kantscheli = With a smile for Slava : for violoncello and piano / Giya Kancheli.
=260  \\$aHamburg :$bSikorski,$cc2004.
=300  \\$a1 score (11 p.) + 1 part (4 p.) ;$c30 cm.
=336  \\$anotated music$2rdacontent
=337  \\$aunmediated$2rdamedia
=338  \\$avolume$2rdacarrier
=490  1\$aExempla nova ;$v281
=500  \\$aVioloncello part of 1st work edited by M. Rostropovich.
=500  \\$aBoth works dedicated to Rostropovich.
=650  \0$aCello and piano music$vScores and parts.
=740  02$aMit einem Lächeln für Slawa.
=740  02$aWith a smile for Slava.
=700  1\$aRostropovich, Mstislav,$d1927-2007.
=700  12$aKancheli, Gii︠a︡.$tMit einem Lächeln für Slawa.
=830  \0$aExempla nova ;$v281.
=852  41$aBritish Library$bDSC$jH06/7401
=852  41$aBritish Library$bDSC$cMUSIC
=852  41$aBritish Library$bMUSIC$jg.156.o.(3.)
=985  \\$aRecord amended for WR# 13/070
=CAT  \\$a8870$b40$c20061010$lBLL01$h1615
=CAT  \\$a8870$b40$c20061010$lBLL01$h1619
=CAT  \\$aBATCH-UPD$b40$c20070501$lBLL01$h2229
=CAT  \\$aBATCH-HARR$b00$c20080930$lBLL01$h1740
=CAT  \\$aBATCH$b00$c20080930$lBLL01$h1741
=CAT  \\$aBATCH-UPD$b00$c20081026$lBLL01$h1956
=CAT  \\$a12418$b40$c20081212$lBLL01$h1500
=CAT  \\$aBATCH-UPD$b40$c20090129$lBLL01$h1531
=CAT  \\$a7988$b40$c20090902$lBLL01$h1147
=CAT  \\$aWR13_070$b00$c20130504$lBLL01$h0247
=CAT  \\$aW1904-0451$c20190428$lBLL01$h1305
=FIN  \\$aY$d20061010
=SID  \\$aZ39$bOXFORD
=LAS  \\$aW1904-0451$b00$c20190428$lBLL01$h1305

