=LDR  01650 cm a2200433 a 4500
=001  013572360
=003  Uk
=005  20061010164922.0
=008  040810s2001\\\\gw\||a\|\||||||n\\|\zxx\d
=FMT  \\$a  MU
=010  \\$a2004464408
=024  2\$aM204424177
=028  22$aN 2417$bHeinrichshofen's Verlag
=040  \\$aCGU$cCGU$dDLC$dUk
=041  0\$gger$geng$gfre$hger
=050  00$aM949$b.S
=082  04$a785.34199$222
=100  1\$aSchreker, Franz,$d1878-1934.
=240  10$aKleine Stücke;$oarranged
=245  10$aVier kleine Stücke :$bfür grosses Orchester = Four short pieces : for big orchestra /$cFranz Schreker ; Fassung für Kammerensemble Johannes Schöllhorn.
=254  \\$aPartitur.
=260  \\$aWilhelmshaven :$bHeinrichshofen's Verlag,$cc2001.
=300  \\$a1 score (48 p.) ;$c31 cm.
=336  \\$anotated music$2rdacontent
=337  \\$aunmediated$2rdamedia
=338  \\$avolume$2rdacarrier
=500  \\$aFor flute/piccolo, oboe, clarinet in B/bassclarinet, alto saxophone, piano, harmonium, percussion, 2 violins, viola, violoncello, and double bass.
=500  \\$aPref. in German with English and French translations.
=505  0\$aTimoroso -- Violente -- Incalzande -- Gradevole.
=650  \0$aInstrumental ensembles, Arranged$vScores.
=700  1\$aSchöllhorn, Johannes,$d1962-
=852  41$aBritish Library$bDSC$cMUSIC
=852  41$aBritish Library$bDSC$jH06/7397
=985  \\$aRecord amended for WR# 13/070
=CAT  \\$a8870$b40$c20061010$lBLL01$h1649
=CAT  \\$aWR13_070$b00$c20130504$lBLL01$h0247
=FIN  \\$aY$d20061010
=SID  \\$aZ39$bOCLC
=LAS  \\$aWR13_070$b00$c20130504$lBLL01$h0247

