=LDR  01490 cm a2200361 a 4500
=001  013576595
=003  Uk
=005  20061016114554.0
=008  050520s2002\\\\xxu||ae|\||||||n\\|\zxx\d
=FMT  \\$a  MU
=010  \\$a2005560675
=028  32$aBel-1062$bBelmont Music Publishers
=035  \\$a(CStRLIN)CSUGA5495558-C
=035  \\$a(CSt)(Sirsi)a5495558
=040  \\$aORU$cORU$dCSt$dDLC$dUk
=041  0\$geng
=050  00$aM507.S36$bG47 2002
=082  04$a785.251951825$222
=100  1\$aSchoenberg, Arnold,$d1874-1951.
=245  10$aGerpa :$btheme and variations, 1922 (fragment) /$cArnold Schoenberg.
=260  \\$aLos Angeles :$bBelmont Music Publishers,$cc2002.
=300  \\$a1 score (6 p.) + 5 parts ;$c28 cm.
=336  \\$anotated music$2rdacontent
=337  \\$aunmediated$2rdamedia
=338  \\$avolume$2rdacarrier
=500  \\$a"According to the manuscript in the Arnold Schoenberg Center in Vienna, it is intended to be performed by two players. One plays horn, 1st violin and piano, the other plays piano, 2nd violin and harmonium. However, parts for each instrument are included in this set should one wish to perform the work with additional musicians."
=650  \0$aVariations (Piano, reed organ, horn, violins (2))$vScores and parts.
=852  41$aBritish Library$bDSC$cMUSIC
=852  41$aBritish Library$bDSC$cMUSIC$jH06/7413
=CAT  \\$a8870$b40$c20061016$lBLL01$h1145
=FIN  \\$aY$d20061016
=SID  \\$aZ39$bLOC
=LAS  \\$a8870$b40$c20061016$lBLL01$h1145

