=LDR  01431 cm a2200373 a 4500
=001  013576678
=003  Uk
=005  20061016124624.0
=008  031208t20032002gw\||ae|\||||||n\\|\zxx\d
=FMT  \\$a  MU
=028  32$aWW 197$bWalter Wollenweber
=040  \\$aCUI$cCUI$dOBE$dUk
=041  0\$gger$geng
=082  04$a785.28193$222
=100  1\$aRimsky-Korsakov, Nikolay,$d1844-1908.
=240  10$aTrio,$mpiano, strings,$rC minor
=245  10$aTrio C-Dur [i.e. C-Moll] für Violine, Violoncello und Klavier =$bTrio for violin, cello, and piano in C major [i.e. C minor] /$cNikolai Rimski-Korsakow.
=250  \\$aNeu durchgesehene Ausg.
=260  \\$aGräfelfing :$bWalter Wollenweber,$c[2003], c2002.
=300  \\$a1 score (85 p.) + 2 parts :$bport. ;$c31 cm.
=336  \\$anotated music$2rdacontent
=337  \\$aunmediated$2rdamedia
=338  \\$avolume$2rdacarrier
=490  1\$aUnbekannte Werke der Klassik und Romantik =$aUnknown works of the classical and romantic period ;$vNr. 197
=500  \\$aPref. in German and English.
=650  \0$aPiano trios$vScores and parts.
=830  \0$aUnbekannte Werke der Klassik und Romantik ;$v197.
=852  41$aBritish Library$bDSC$cMUSIC
=852  41$aBritish Library$bDSC$cMUSIC$jH06/7414
=CAT  \\$a8870$b40$c20061016$lBLL01$h1241
=CAT  \\$a8870$b40$c20061016$lBLL01$h1246
=FIN  \\$aY$d20061016
=SID  \\$aZ39$bOCLC
=LAS  \\$a8870$b40$c20061016$lBLL01$h1246

