=LDR  02368cam a2200589 a 4500
=001  013591299
=003  Uk
=005  20070327130611.0
=008  030131m20029999ph\ab\\\\b\\\\001\0\eng\\
=FMT  \\$a  BK
=010  \\$a2002359414
=020  \\$a9715061990 (v. 1)
=020  \\$a9715062806 (v. 2 : cased)
=020  \\$a9715062822 (v. 2 : pbk.)
=020  \\$a9715063381 (v. 3 : cased)
=020  \\$a9715063349 (v. 3 : pbk.)
=035  \\$a(NIC)4734704
=037  \\$bLibrary of Congress -- Jakarta Overseas Office$cP1,200.00 (v. 1)
=040  \\$aDLC$cDLC$dOCLCQ$dNIC$dUk
=041  1\$aspa$aeng$hspa
=043  \\$aa-ph---
=050  00$aDS666.B57$bA4313 2002
=082  00$a959.95$222
=100  10$aAlcina, Francisco Ignacio,$d1610-1674.
=240  10$aHistoria de las islas e indios visayas.$lEnglish & Spanish
=245  10$aHistory of the Bisayan people in the Philippine Islands :$bevangelization and culture at the contact period = Historia de las islas e indios de Bisayas, 1668 /$cpor Ignacio Francisco Alcina ; translated, edited and annotated by Cantius J. Kobak and Lucio Gutiérrez.
=246  31$aHistoria de las islas e indios de Bisayas, 1668
=260  \\$aManila, Philippines :$bUST Pub. House,$c2002-
=300  \\$av. :$bill., maps ;$c26 cm.
=336  \\$atext$2rdacontent
=337  \\$aunmediated$2rdamedia
=338  \\$avolume$2rdacarrier
=546  \\$aSpanish text and parallel English translation.
=504  \\$aIncludes bibliographical references and indexes.
=650  \0$aBisaya (Philippine people)
=651  \0$aVisayan Islands (Philippines)
=650  \0$aBotany$zPhilippines$zVisayan Islands.
=610  20$aCatholic Church$zPhilippines$zVisayan Islands$xHistory.
=610  20$aJesuits$zPhilippines$zVisayan Islands$xHistory.
=650  \0$aMissions$zPhilippines$zVisayan Islands$xHistory.
=700  1\$aKobak, Cantius J.
=700  1\$aGutiérrez, Lucio,$d1938-
=852  41$aBritish Library$bOC$jYD.2007.b.748
=852  41$aBritish Library$bOC$jYD.2010.b.1581
=852  \\$aBritish Library$bOC$iVol. 3: pt. 1, bk. 3
=CAT  \\$a6191$b40$c20061101$lBLL01$h1246
=CAT  \\$a11250$b40$c20070327$lBLL01$h1306
=CAT  \\$aBATCH-UPD$b40$c20170425$lBLL01$h1141
=CAT  \\$aW2308-1659$c20230923$lBLL01$h0929
=FIN  \\$aY$d20070327
=SID  \\$aZ39$bRLG
=LAS  \\$aW2308-1659$b00$c20230923$lBLL01$h0929

