=LDR  03029 am a2200781 i 4500
=001  013591343
=003  Uk
=005  20200221113555.0
=008  060802m20052018gw\a\\\\\bd\\\000\0\ger\c
=FMT  \\$a  BK
=010  \\$a2006499653
=020  \\$a9783476021083$qset
=020  \\$a3476021084$qset
=020  \\$a9783476013729$qBd. 1
=020  \\$a3476013723$qBd. 1
=020  \\$a9783476021014$qBd. 2
=020  \\$a3476021017$qBd. 2
=020  \\$a9783476021021$qBd. 3
=020  \\$a9783476021038$qBd. 4
=020  \\$a9783476021045$qBd. 5
=020  \\$a9783476021052$qBd. 6
=020  \\$a347602105X$qBd. 6
=020  \\$a9783476021069$qBd. 7
=020  \\$a9783476021076$qBd. 8
=035  \\$a(OCoLC)ocm61766259
=040  \\$aOHX$beng$cOHX$dINU$dCUY$dNLGGC$dDLC$dUk$erda
=042  \\$aukblsr
=050  00$aB43$b.E59 2005
=072  \7$aB$2lcco
=082  00$a103$222
=245  00$aEnzyklopädie Philosophie und Wissenschaftstheorie /$cunter ständiger Mitwirkung von Gottfried Gabriel [and 10 others] ; in Verbindung mit Martin Carrier herausgegeben von Jürgen Mittelstrass.
=250  \\$a2., neubearbeitet und wesentlich erg. Aufl.
=264  \1$aStuttgart :$bVerlag J. B. Metzler,$c2005-[2018]
=300  \\$a8 volumes :$billustrations (black and white) ;$c25 cm
=336  \\$atext$2rdacontent
=337  \\$aunmediated$2rdamedia
=338  \\$avolume$2rdacarrier
=504  \\$aIncludes bibliographical references.
=505  1\$aBd. 1. A-B -- Bd. 2. C-F -- Bd. 3. G-Inn -- Bd. 4. Ins-Loc -- Bd. 5. Log-N -- Bd. 6. O-Ra -- Bd. 7. Re-Te -- Bd. 8. Th-Z.
=650  \0$aPhilosophy$vDictionaries$xGerman.
=650  \0$aScience$vDictionaries$xGerman.
=650  \0$aPhilosophers$vBiography$vDictionaries.
=650  17$aFilosofie.$2gtt
=700  1\$aGabriel, Gottfried,$d1943-$eeditor.
=700  1\$aCarrier, Martin,$eeditor.
=700  1\$aMittelstrass, Jürgen,$eeditor.
=852  41$aBritish Library$bHMNTS$jYF.2018.a.15735
=852  41$aBritish Library$bHMNTS$jYF.2018.b.1679
=852  41$aBritish Library$bHMNTS$i[Bd. 3]
=852  41$aBritish Library$bHMNTS$jYF.2009.a.36142$i[Bd. 3]
=852  41$aBritish Library$bHMNTS$jYF.2009.a.6322$i[Bd. 1 & 2]
=852  41$aBritish Library$bHMNTS$jYF.2016.a.1304$iBand .6
=852  41$aBritish Library$bHMNTS$jYF.2011.a.2236$i[Bd. 4]
=852  41$aBritish Library$bHMNTS$jYF.2020.a.3519
=CAT  \\$a7233$b40$c20061101$lBLL01$h1336
=CAT  \\$a11069$b40$c20090303$lBLL01$h1032
=CAT  \\$a11069$b40$c20091204$lBLL01$h1504
=CAT  \\$aBATCH-UPD$b40$c20101027$lBLL01$h2209
=CAT  \\$a11069$b40$c20110120$lBLL01$h1415
=CAT  \\$a11069$b40$c20160114$lBLL01$h1254
=CAT  \\$a6470$b40$c20180904$lBLL01$h1214
=CAT  \\$a11327$b40$c20181109$lBLL01$h1241
=CAT  \\$a11327$b40$c20181109$lBLL01$h1244
=CAT  \\$a11327$b40$c20181109$lBLL01$h1611
=CAT  \\$a11327$b40$c20200219$lBLL01$h1349
=CAT  \\$a11327$b40$c20200221$lBLL01$h1135
=FIN  \\$aY$d20090303
=LAS  \\$a11327$b40$c20200221$lBLL01$h1135

