=LDR  01691ccm a2200481 a 4500
=001  013599651
=003  Uk
=005  20080702092025.0
=008  040409s2003\\\\gw\||a\|\||||||n\\|\zxx\d
=FMT  \\$a  MU
=024  2\$aM013511198
=028  32$a51119$bRies & Erler
=035  \\$a(OCoLC)54941349
=039  0\$a0801
=040  \\$aCU$cCUY$dOCLCQ$dUk
=041  0\$gger
=042  \\$aukblsr
=082  04$a784.2184$222
=100  1\$aFurtwängler, Wilhelm,$d1886-1954.
=240  10$aSymphonies,$nno. 3,$rC sharp minor
=245  10$aSinfonie Nr. 3 cis-moll /$cWilhelm Furtwängler ; herausgegeben von George Alexander Albrecht.
=254  \\$aPartitur.
=260  \\$aBerlin :$bRies & Erler,$cc2003.
=300  \\$a1 score (293 p.) ;$c30 cm.
=336  \\$anotated music$2rdacontent
=337  \\$aunmediated$2rdamedia
=338  \\$avolume$2rdacarrier
=490  1\$aWilhelm Furtwängler Gesamtausgabe. Werkgruppe I, Werke für Orchester ;$vBd. III
=500  \\$aPref. in German.
=650  \0$aSymphonies$vScores.
=700  1\$aAlbrecht, George Alexander,$d1935-2021.
=800  1\$aFurtwängler, Wilhelm,$d1886-1954.$tWorks.$f2002.$nWerkgruppe I,$pWerke für Orchester ;$vBd. 3.
=852  41$aBritish Library$bMUSIC$jF.1980.r./1/3
=852  41$aBritish Library$bDSC$cMUSIC$jHf00/0120
=852  41$aBritish Library$bDSC$cMUSIC
=CAT  \\$a8870$b40$c20061113$lBLL01$h1119
=CAT  \\$a12418$b40$c20080702$lBLL01$h0920
=CAT  \\$aBATCH-UPD$b40$c20080709$lBLL01$h1122
=CAT  \\$aBATCH-UPD$b40$c20090618$lBLL01$h2130
=CAT  \\$aBATCH-UPD$b40$c20230824$lBLL01$h2148
=FIN  \\$aY$d20061113
=SID  \\$aZ39$bOCLC
=LAS  \\$aBATCH-UPD$b40$c20230824$lBLL01$h2148

