=LDR  02768 am a2200661 a 4500
=001  013646298
=003  Uk
=005  20070818112653.0
=008  060908r20061865au\\\\\\\\\\\\001\0\lat\c
=020  \\$a9783900033545 (v. 1 : pbk.)
=020  \\$a3900033544 (v. 1 : pbk.)
=020  \\$a9783900033552 (v. 2 : pbk.)
=020  \\$a3900033552 (v. 2 : pbk.)
=020  \\$a9783900033576 (v. 3 : pbk.)
=020  \\$a3900033579 (v. 3 : pbk.)
=020  \\$a9783900033569 (v. 4 : pbk.)
=020  \\$a3900033560 (v. 4 : pbk.)
=020  \\$a9783900033682 (introductory vol. : pbk.)
=035  \\$a(OCoLC)71299032
=040  \\$aUk$beng$cUk
=050  \4$aBT300$b.L836 1865a
=072  \7$aBV$2lcco
=100  0\$aLudolf,$cvon Sachsen,$dapproximately 1300-1377 or 1378.
=240  10$aVita Jesu Christi e quatuor evangeliis et scriptoribus orthodoxis concinnata
=245  10$aVita Christi :$btext /$cLudolphus the Carthusian.
=260  \\$aSalzburg :$bInstitut für Anglistik und Amerikanistik, Universität Salzburg,$c2006.
=300  \\$a5 v. ;$c30 cm.
=336  \\$atext$2rdacontent
=337  \\$aunmediated$2rdamedia
=338  \\$avolume$2rdacarrier
=490  1\$aAnalecta Cartusiana ;$v241
=500  \\$aFacsim. of ed. published as: Vita Jesu Christi e quatuor evangeliis et scriptoribus orthodoxis concinnata. Parisiis et Romæ : V. Palmé, 1865.
=500  \\$aIncludes index.
=505  0\$av. 1. Proœmium. Prima pars, caput I-XXIV -- v. 2. Prima pars, caput XXV-XCII -- v. 3. Secunda pars, caput I-LVI -- v. 4. Secunda pars, caput LVII-LXXXIX -- Introductory volume.
=600  00$aJesus Christ$vBiography$vEarly works to 1800.
=710  2\$aUniversität Salzburg.$bInstitut für Anglistik und Amerikanistik.
=830  \0$aAnalecta Cartusiana ;$v241.
=852  41$aBritish Library$bHMNTS$jYF.2007.b.340$ivol. 2
=852  41$aBritish Library$bHMNTS$ivol. 1
=852  41$aBritish Library$bHMNTS$jYD.2007.a.7046$ivol. 5
=852  41$aBritish Library$bHMNTS$jYF.2007.b.340$ivol. 3
=852  41$aBritish Library$bHMNTS$jYF.2007.b.471$ivol. 4
=985  \\$aRecord amended for WR# 13/070
=CAT  \\$a8197$b40$c20070117$lBLL01$h0922
=CAT  \\$a5521$b40$c20070130$lBLL01$h1549
=CAT  \\$a5521$b40$c20070213$lBLL01$h1201
=CAT  \\$a5521$b40$c20070228$lBLL01$h1404
=CAT  \\$a5521$b40$c20070228$lBLL01$h1438
=CAT  \\$a11317$b40$c20070818$lBLL01$h1126
=CAT  \\$aBATCH$b00$c20091217$lBLL01$h0444
=CAT  \\$aBATCH$b00$c20100103$lBLL01$h1237
=CAT  \\$aBATCH-UPD$b00$c20120304$lBLL01$h2023
=CAT  \\$aWR13_070$b00$c20130504$lBLL01$h0249
=CAT  \\$aBATCH-UPD$b00$c20160729$lBLL01$h2026
=FIN  \\$aY$d20070130
=FMT  \\$a  BK
=LAS  \\$aBATCH-UPD$b00$c20160729$lBLL01$h2026
=SID  \\$aZ39$bOCLC

