=LDR  03125cas a22007573  4500
=001  011099506
=003  Uk
=005  20221231200137.0
=008  040409u||||||||gw\a|\p|||\\\\0\\\|0und\\
=FMT  \\$a  SE
=019  c\$a2034607
=022  0\$a0067-7884
=040  \\$aUk$cUk
=245  00$aBIBLIOTHECA BIBLIOGRAPHICA AURELIANA.
=336  \\$atext$2rdacontent
=337  \\$aunmediated$2rdamedia
=338  \\$avolume$2rdacarrier
=540  \\$aCurrent Copyright Fee: GBP25.00$c0$5Uk
=852  41$aBritish Library$bHMNTS$j2715.KA.16$3VOL. 1, [19?]- *A=1
=852  41$aBritish Library$bDSC$j2017.970000
=852  11$aBritish Library$bHMNTS$cSPHOA$kRAR$3VOL. 1-
=945  \\$aBIBLIOTHECA BIBLIOGRAPHICA AURELIANA.
=959  \\$fHeld but not currently received
=963  \\$a1959- *A=1$bN$cSCERR
=A02  \\$a2034607
=CAT  \\$aCONV$b00$c20040425$lBLL90$h0659
=CAT  \\$aCONV$b00$c20040502$lBLL01$h1423
=CAT  \\$c20041010$lBLL01$h1909
=CAT  \\$aBATCH$b00$c20091210$lBLL01$h0425
=CAT  \\$aBATCH$b00$c20091214$lBLL01$h0624
=CAT  \\$aBATCH$b00$c20091216$lBLL01$h0151
=CAT  \\$aBATCH-UPD$b00$c20101201$lBLL01$h1235
=CAT  \\$aIPL-CLA$c20101231$lBLL01$h1403
=CAT  \\$a10_149CORR$c20110119$lBLL01$h1411
=CAT  \\$aWR11_203$c20111204$lBLL01$h1421
=CAT  \\$aIPL-CLA$c20111230$lBLL01$h1903
=CAT  \\$aBATCH-CLA$b00$c20121107$lBLL01$h1913
=CAT  \\$aWR13.005$c20130323$lBLL01$h1407
=CAT  \\$aBATCH-CLA$c20131219$lBLL01$h1827
=CAT  \\$aIPL-CLA$c20131231$lBLL01$h2149
=CAT  \\$aBATCH-CLA$b00$c20161222$lBLL01$h1739
=CAT  \\$aIPL-CLA$c20161230$lBLL01$h1958
=CAT  \\$aBATCH-CLA$b00$c20171222$lBLL01$h2046
=CAT  \\$aIPL-CLA$c20171231$lBLL01$h1529
=CAT  \\$aBATCH-CLA$b00$c20191219$lBLL01$h1705
=CAT  \\$aIPL-CLA$c20191231$lBLL01$h1839
=CAT  \\$aBATCH-CLA$b00$c20201204$lBLL01$h1504
=CAT  \\$aIPL-CLA$c20201231$lBLL01$h2053
=CAT  \\$aBATCH-CLA$b00$c20221221$lBLL01$h1811
=CAT  \\$aIPL-CLA$c20221231$lBLL01$h2001
=CFI  0\$aCurrent Copyright Fee: GBP25.00$c0$e01-jan-2023$fGBP25.00$g0$hA$5Uk
=CFI  2\$aPrevious Copyright Fee: GBP22.50$c0$e01-jan-2021$fGBP22.50$g0$hA$5Uk
=FIN  \\$aY
=LEO  \\$aMP10.0000097224
=SRC  \\$aDSS01$bbibmp10.200404.2.aa
=TCO  \\$aDEU$bVG WORT$c008
=ACF  \\$aPrevious copyright fee: GBP5.00$c0$e01-jul-2002$fGBP5.00$g0$hC$5Uk
=ACF  \\$aCurrent copyright fee: GBP4.40$c0$e01-jul-1998$fGBP4.40$g0$hA$5Uk
=ACF  \\$aCurrent copyright fee: GBP4.20$c0$e01-apr-1997$fGBP4.20$g0$hA$5Uk
=ACF  \\$aPrevious copyright fee: GBP10.50$c0$e01-jan-2011$fGBP10.50$g0$hA$5Uk
=ACF  \\$aPrevious copyright fee: GBP12.00$c0$e01-jan-2012$fGBP12.00$g0$hA$5Uk
=ACF  \\$aPrevious Copyright Fee: GBP12.30$c0$e01-jan-2014$fGBP12.30$g0$hA$5Uk
=ACF  \\$aPrevious Copyright Fee: GBP15.00$c0$e01-jan-2017$fGBP15.00$g0$hA$5Uk
=ACF  \\$aPrevious Copyright Fee: GBP17.50$c0$e01-jan-2018$fGBP17.50$g0$hA$5Uk
=ACF  \\$aPrevious Copyright Fee: GBP20.00$c0$e01-jan-2020$fGBP20.00$g0$hA$5Uk
=LAS  \\$aIPL-CLA$b00$c20221231$lBLL01$h2001

