=LDR  01868 as a2200565ua 4500
=001  011180565
=003  Uk
=005  20140905174900.0
=006  aab\\|||||||||||||
=008  830912c19809999enk|||p|||s\\o0\\\|0eng\\
=FMT  \\$a  SE
=015  \\$aGB8334747$2bnb
=019  y\$ab8334747
=019  9\$ab8334747
=019  1\$ab8334747
=039  0\$a1757
=040  \\$aUk$cUk
=043  \\$ae-ukelo
=050  00$aHN398.L7
=082  04$a314.21$218
=082  04$a314.21/05$219
=130  0\$aStatistical series (Greater London Council)
=245  00$aStatistical series /$cGreater London Council.
=260  \\$aLondon :$bThe Council,$c1980-
=300  \\$av. :$bill., maps ;$c30cm.
=336  \\$atext$2rdacontent
=337  \\$aunmediated$2rdamedia
=338  \\$avolume$2rdacarrier
=362  0\$aNo.1 (1980)-
=500  \\$aDescription based on: No.12.
=651  \0$aLondon (England)$xSocial conditions$xStatistics$xPeriodicals.
=653  \\$aLondon$aSocial conditions$aStatistics$aSerials
=710  2\$aGreater London Council.
=886  2\$2ukmarc$a910$b10$aLondon$cGreater London Council$xSee$aGreater London Council$z710
=886  2\$2ukmarc$a910$b20$aGLC$xSee$aGreater London Council$z710
=852  41$aBritish Library$bHMNTS$jLCC.590$3Holdings: no.2 (1980) and partial thereafter
=852  11$aBritish Library$bHMNTS$kOPL$h942.100212$3No. 39
=957  \\$a830419c
=CAT  \\$aCONV$b00$c20040425$lBLL90$h0724
=CAT  \\$aCONV$b00$c20040502$lBLL01$h1425
=CAT  \\$aBATCH$b00$c20091122$lBLL01$h1654
=CAT  \\$aBATCH-UPD$b00$c20120424$lBLL01$h2156
=CAT  \\$aWR14_140$c20140905$lBLL01$h1749
=FIN  \\$aY
=LEO  \\$aMP5.0000531718
=LEO  \\$aMP13.0000272536
=SRC  \\$aBNB03$bbibmp5.200404.2.aa
=SRC  \\$aHSS01$bbibmp13.200404.2.aa
=TCO  \\$aCLA$bCLA$c008
=LAS  \\$aWR14_140$b00$c20140905$lBLL01$h1749

