=LDR  01171 am a2200349ua 4500
=001  011274952
=003  Uk
=005  20091122174000.0
=008  900928s1945\\\\enk\\\\||\\\\o|||\||eng\\
=FMT  \\$a  BK
=019  1\$ar6873788
=040  \\$aUk$cUk
=245  00$aRubber in engineering :$bthe services rubber investigations /$cMinistry of Supply, Admiralty, Ministry of Aircraft Production.
=260  \\$a[London] :$b[Ministry of Supply],$c[1945]
=300  \\$a267,xviiip. :$bill.
=336  \\$atext$2rdacontent
=337  \\$aunmediated$2rdamedia
=338  \\$avolume$2rdacarrier
=710  1\$aGreat Britain.$bMinistry of Supply.
=710  1\$aGreat Britain.$bAdmiralty.
=710  1\$aGreat Britain.$bMinistry of Aircraft Production.
=852  41$aBritish Library$bDSC$jOP-GPA/1216
=852  11$aBritish Library$bDSC$h678
=852  41$aBritish Library$bHMNTS$jBS.62/26(2)
=957  \\$a890930d
=CAT  \\$aCONV$b00$c20040425$lBLL90$h0753
=CAT  \\$aCONV$b00$c20040502$lBLL01$h1428
=CAT  \\$aBATCH$b00$c20091122$lBLL01$h1740
=FIN  \\$aY
=LEO  \\$aMP13.0001202957
=SRC  \\$aHSS01$bbibmp13.200404.2.ab
=LAS  \\$aBATCH$b00$c20091122$lBLL01$h1740

