=LDR  01319 am a2200433ua 4500
=001  011280363
=003  Uk
=005  20101013145257.0
=008  940222s1932\\\\enk\\\\\\\\\\\000\0\eng\\
=FMT  \\$a  BK
=019  1\$ar7304271
=019  0\$as071600000
=019  u\$aG10857496
=040  \\$aUk$cUk$dUk
=084  \\$aSM 00$2blsrissc
=245  00$aModern water treatment plant.
=260  \\$aLondon :$bPaterson Engineering Co.,$c1932.
=300  \\$aiv, 112 p.
=336  \\$atext$2rdacontent
=337  \\$aunmediated$2rdamedia
=338  \\$avolume$2rdacarrier
=710  2\$aPaterson Engineering Co.
=852  41$aBritish Library$bDSC$jW78/2670
=852  71$aBritish Library$bSTI$cRES$kTrade Literature Collection$2blsrissc
=852  41$aBritish Library$bHMNTS$jYA.1994.b.758
=957  \\$a940130d
=CAT  \\$aCONV$b00$c20040425$lBLL90$h0753
=CAT  \\$aCONV$b00$c20040502$lBLL01$h1428
=CAT  \\$a7416$b40$c20071120$lBLL01$h1405
=CAT  \\$aBATCH$b00$c20091122$lBLL01$h1742
=CAT  \\$a6537$b40$c20101013$lBLL01$h1452
=FIN  \\$aY
=LEO  \\$aMP13.0001208488
=LEO  \\$aMP26.0000000739
=LEO  \\$aMP34.0000269744
=SRC  \\$aSRI02$bbibmp26.200404.2.aa
=SRC  \\$aHSS01$bbibmp13.200404.2.ab
=SRC  \\$aUCB01$bbibmp34.200404.2.aa
=LAS  \\$a6537$b40$c20101013$lBLL01$h1452

