=LDR  02542 am a2200733ua 4500
=001  011291541
=003  Uk
=005  20131024224900.0
=008  820322s1980\\\\enka\\\\|\\\\\000\|\eng\\
=FMT  \\$a  BK
=010  \\$a79008855
=015  \\$aGB8210062$2bnb
=019  y\$aB8210062
=019  9\$a0124133509
=019  a\$aG00120837
=019  1\$a0124133509
=020  \\$a0124133509 :$c£27.80
=039  0\$a1681
=040  \\$aUk$cUk
=050  00$aHB139
=082  04$a330/.01/82$218
=082  04$a330/.028$219
=245  00$aQuantitative economics and development :$bessays in memory of Ta-Chung Liu /$cedited by L.R. Klein, M. Nerlove, S.C. Tsiang.
=260  \\$aNew York ;$aLondon :$bAcademic Press,$c1980.
=300  \\$axix,346p. :$bill. ;$c24cm.
=336  \\$atext$2rdacontent
=337  \\$aunmediated$2rdamedia
=338  \\$avolume$2rdacarrier
=490  0\$aEconomic theory, econometrics, and mathematical economics
=504  \\$aIncludes bibliographies.
=597  \\$aDLC$b79008855 //r892
=650  \0$aEconomics, Mathematical.
=650  \0$aEconometrics.
=650  \0$aEconomic development$xMathematical models.
=651  \0$aTaiwan$xEconomic conditions$y1975-
=653  \\$aEconometrics
=690  7\$aManagement and Business Studies$2blcoll
=700  1\$aKlein, Lawrence R.$q(Lawrence Robert),$d1920-2013.
=700  1\$aNerlove, Marc,$d1933-
=700  1\$aTsiang, Sho-chieh.
=700  1\$aLiu, Dazhong.
=886  2\$2ukmarc$a900$b10$aKlein$hL. R.$xSee$aKlein, Lawrence R.$z700
=886  2\$2ukmarc$a900$b10$aTsiang$hSho-Chiech$xSee$aTsiang, S. C. (Sho-Chieh)$z700/2
=852  41$aBritish Library$bDSC$m80/31832
=852  41$aBritish Library$bDSC$j82/04308
=852  41$aBritish Library$bHMNTS$jX.520/26007
=CAT  \\$aCONV$b00$c20040425$lBLL90$h0758
=CAT  \\$aCONV$b00$c20040502$lBLL01$h1428
=CAT  \\$aglobal_upd$b40$c20060417$lBLL01$h1208
=CAT  \\$aBATCH-UPD$b40$c20080920$lBLL01$h1950
=CAT  \\$aBATCH-UPD$b40$c20081011$lBLL01$h0546
=CAT  \\$aBATCH-UPD$b40$c20081028$lBLL01$h0334
=CAT  \\$aBATCH$b00$c20090619$lBLL01$h1844
=CAT  \\$aBATCH$b00$c20091122$lBLL01$h1746
=CAT  \\$a5194$b40$c20111004$lBLL01$h1454
=CAT  \\$aBATCH-UPD$b40$c20131024$lBLL01$h2249
=FIN  \\$aY
=LEO  \\$aMP5.0000560098
=LEO  \\$aMP8.0000023622
=LEO  \\$aMP13.0001384525
=SRC  \\$aBNB03$bbibmp5.200404.2.aa
=SRC  \\$aDSC01$bbibmp8.200404.2.aa
=SRC  \\$aHSS01$bbibmp13.200404.2.ac
=LAS  \\$aBATCH-UPD$b40$c20131024$lBLL01$h2249

