=LDR  01723 am a2200541ua 4500
=001  011320049
=003  Uk
=005  20091122175700.0
=008  030331s2003\\\\enka\\\||\\\\\001\||eng\\
=FMT  \\$a  BK
=015  \\$aGBA2U4671$2bnb
=019  y\$abA2U4671
=019  9\$a0340859474
=019  1\$a0340859474
=020  \\$a0340859474 (pbk.) :$c£9.99
=039  0\$a2736
=040  \\$aStDuBDS$dUk
=082  04$a658.0220941$221
=100  1\$aHughes, Vera,$d1936-
=245  10$aSetting up a small business /$cVera Hughes and David Weller.
=250  \\$a[New ed.]
=260  \\$aLondon :$bTeach Yourself,$c2003.
=300  \\$aix, 173 p. :$bill. ;$c20 cm.
=336  \\$atext$2rdacontent
=337  \\$aunmediated$2rdamedia
=338  \\$avolume$2rdacarrier
=490  0\$aTeach yourself
=500  \\$aPrevious ed.: 1997.
=504  \\$aIncludes bibliographical references and index.
=650  \0$aSmall business$zGreat Britain$xManagement.
=650  \0$aNew business enterprises$zGreat Britain.
=690  7\$aManagement and Business Studies$2blcoll
=700  1\$aWeller, David.
=852  71$aBritish Library$bSTI$kSmall Business Help Section (BIPC1)$2blsrissc
=852  41$aBritish Library$bHMNTS$jYC.2003.a.6134
=957  \\$r18/3/03$tM/34313-03
=CAT  \\$aCONV$b00$c20040425$lBLL90$h0803
=CAT  \\$aCONV$b00$c20040502$lBLL01$h1429
=CAT  \\$aBATCH$b00$c20090619$lBLL01$h1847
=CAT  \\$aBATCH$b00$c20091122$lBLL01$h1757
=FIN  \\$aY
=LDO  \\$aCIP$bpbk
=LEO  \\$aMP5.0000133347
=LEO  \\$aMP13.0001581604
=SRC  \\$aBNB03$bbibmp5.200404.2.aa
=SRC  \\$aHSS01$bbibmp13.200404.2.ac
=SRC  \\$aLDS01$bbiblm.200404.2.aa
=LAS  \\$aBATCH$b00$c20091122$lBLL01$h1757

