=LDR  02034cam a2200625ua 4500
=001  011337823
=003  Uk
=005  20220331220759.0
=008  900214s1990\\\\enk\\\\\|\\\\\101\|\eng\\
=FMT  \\$a  BK
=010  \\$a89030977
=015  \\$aGB8928578$2bnb
=019  y\$ab8928578
=019  9\$a063116135x
=019  a\$aG01165369
=019  1\$a063116135x
=020  \\$a063116135X :$c£35.00
=039  0\$a2077
=040  \\$aUk$cUk
=050  00$aB945.Q54
=082  04$a191$220
=245  00$aPerspectives on Quine /$cedited by Robert B. Barrett and Roger F. Gibson.
=260  \\$aOxford :$bBasil Blackwell,$c1990.
=300  \\$axxiii,358p. ;$c24cm.
=336  \\$atext$2rdacontent
=337  \\$aunmediated$2rdamedia
=338  \\$avolume$2rdacarrier
=500  \\$aBibliography: p348. - Includes index.
=597  \\$aDLC$b89030977 //r973
=591  \\$aConference proceedings.
=540  \\$aCurrent Copyright Fee: GBP32.00$c0$5Uk
=600  10$aQuine, W. V.$q(Willard Van Orman)$xCongresses.
=650  \0$aPhilosophers$zUnited States$xBiography.
=653  \\$aAmerican philosophy$aQuine, W.V$a(Willard Van Orman)$a1908-
=700  1\$aBarrett, Robert B.,$d1929-
=700  1\$aGibson, Roger F.
=852  41$aBritish Library$bDSC$i6461.4730
=852  41$aBritish Library$bHMNTS$jYC.1990.b.1632
=916  \\$a700=NOTNAL$a700/1=NOTNAL
=966  \\$lACQUIS
=CAT  \\$aCONV$b00$c20040425$lBLL90$h0809
=CAT  \\$aCONV$b00$c20040502$lBLL01$h1430
=CAT  \\$aglobal_upd$b40$c20060417$lBLL01$h1212
=CAT  \\$aBATCH$b00$c20091122$lBLL01$h1803
=CAT  \\$aBATCH-CLAB$c20220330$lBLL01$h1550
=CAT  \\$aIPL-CLA$c20220331$lBLL01$h2207
=CFI  0\$aCurrent Copyright Fee: GBP32.00$c0$e01-apr-2022$fGBP32.00$g0$hC$5Uk
=FIN  \\$aY
=LEO  \\$aMP5.0001102018
=LEO  \\$aMP8.0000582982
=LEO  \\$aMP13.0001767332
=SRC  \\$aBNB03$bbibmp5.200404.2.ab
=SRC  \\$aDSC01$bbibmp8.200404.2.aa
=SRC  \\$aHSS01$bbibmp13.200404.2.ac
=LAS  \\$aIPL-CLA$b00$c20220331$lBLL01$h2207

