=LDR  03597cam a2200913ua 4500
=001  011339729
=003  Uk
=005  20220331220812.0
=008  000530s1999\\\\enk\\\\||\\\\\001\||eng\\
=FMT  \\$a  BK
=015  \\$aGBA034771$2bnb
=019  y\$abA034771
=019  9\$a0631211284
=019  g\$aadv0102448752
=019  a\$aG05730692
=019  1\$a0631211284
=020  \\$a0631211284 (pbk.) :$cNo price
=039  0\$a2593
=040  \\$aDLC$cDLC$dUk
=082  04$a361.61$221
=245  00$aTransnational social policy /$cedited by Catherine Jones Finer.
=260  \\$aOxford :$bBlackwell,$cc1999.
=300  \\$a157 p. ;$c23 cm.
=336  \\$atext$2rdacontent
=337  \\$aunmediated$2rdamedia
=338  \\$avolume$2rdacarrier
=490  1\$aBroadening perspectives on social policy
=500  \\$a"First published as a special issue of Social policy & administration, vol. 32, no. 5, December 1998"--T.p. verso.
=504  \\$aIncludes bibliographical references and index.
=598  \\$aPROV.RECORD
=540  \\$aCurrent Copyright Fee: GBP32.00$c0$5Uk
=650  \0$aSocial policy$xInternational cooperation.
=690  7\$aSocial Welfare$2blcoll
=700  1\$aJones Finer, Catherine.
=886  2\$2ukmarc$a900$b10$aFiner$hCatherine Jones$xSee$aJones Finer, Catherine$z700
=830  \0$aBroadening perspectives on social policy.
=852  41$aBritish Library$bDSC$i2349.090150
=852  41$aBritish Library$bHMNTS$jYC.2003.a.8116
=945  \\$aBroadening perspectives on social policy
=966  \\$lACQUIS 12/02/99
=CAT  \\$aCONV$b00$c20040425$lBLL90$h0809
=CAT  \\$aCONV$b00$c20040502$lBLL01$h1430
=CAT  \\$aglobal_upd$b40$c20060417$lBLL01$h1212
=CAT  \\$aBATCH$b00$c20091122$lBLL01$h1804
=CAT  \\$aBATCH$b00$c20091217$lBLL01$h0224
=CAT  \\$aBATCH$b00$c20110625$lBLL01$h0443
=CAT  \\$aBATCH-SWP4$c20110627$lBLL01$h1519
=CAT  \\$aBATCH-CLA$b00$c20120928$lBLL01$h1835
=CAT  \\$aBATCH-CLA$b00$c20120930$lBLL01$h1044
=CAT  \\$aBATCH-CLA$b00$c20130508$lBLL01$h0730
=CAT  \\$aBATCH-CLA$c20131219$lBLL01$h1849
=CAT  \\$aIPL-CLA$c20131231$lBLL01$h2218
=CAT  \\$aBATCH-CLA$b00$c20161222$lBLL01$h1746
=CAT  \\$aBATCH-UPD$b00$c20161224$lBLL01$h0026
=CAT  \\$aIPL-CLA$c20161230$lBLL01$h2018
=CAT  \\$aBATCH-CLA$b00$c20171222$lBLL01$h2056
=CAT  \\$aIPL-CLA$c20171231$lBLL01$h1544
=CAT  \\$aBATCH-CLA$b00$c20191219$lBLL01$h1712
=CAT  \\$aIPL-CLA$c20191231$lBLL01$h1851
=CAT  \\$aBATCH-CLA$b00$c20201204$lBLL01$h1511
=CAT  \\$aIPL-CLA$c20201231$lBLL01$h2108
=CAT  \\$aBATCH-CLAB$c20220330$lBLL01$h1626
=CAT  \\$aIPL-CLA$c20220331$lBLL01$h2208
=CFI  0\$aCurrent Copyright Fee: GBP32.00$c0$e01-apr-2022$fGBP32.00$g0$hC$5Uk
=CFI  2\$aPrevious Copyright Fee: GBP22.50$c0$e01-jan-2021$fGBP22.50$g0$hA$5Uk
=FIN  \\$aY
=LEO  \\$aMP5.0001639215
=LEO  \\$aMP8.0001515265
=LEO  \\$aMP13.0001769323
=SRC  \\$aBNB03$bbibmp5.200404.2.ac
=SRC  \\$aDSC01$bbibmp8.200404.2.ac
=SRC  \\$aHSS01$bbibmp13.200404.2.ac
=TCO  \\$aCLA$bCLA$c008
=ACF  \\$aPrevious copyright fee: GBP12.00$c0$e01-jan-2012$fGBP12.00$g0$hA$5Uk
=ACF  \\$aPrevious Copyright Fee: GBP12.30$c0$e01-jan-2014$fGBP12.30$g0$hA$5Uk
=ACF  \\$aPrevious Copyright Fee: GBP15.00$c0$e01-jan-2017$fGBP15.00$g0$hA$5Uk
=ACF  \\$aPrevious Copyright Fee: GBP17.50$c0$e01-jan-2018$fGBP17.50$g0$hA$5Uk
=ACF  \\$aPrevious Copyright Fee: GBP20.00$c0$e01-jan-2020$fGBP20.00$g0$hA$5Uk
=LAS  \\$aIPL-CLA$b00$c20220331$lBLL01$h2208

