=LDR  02052 am a2200661ua 4500
=001  011340061
=003  Uk
=005  20151003203300.0
=008  031103s2001\\\\enk\\\\||b\\\\001\||eng\\
=FMT  \\$a  BK
=015  \\$aGBA327324$2bnb
=019  y\$abA327324
=019  9\$a0631222200
=019  g\$aadv5003495102
=019  a\$aG07089324
=019  1\$a0631222200
=020  \\$a0631222200 :$cNo price
=020  \\$a0631222219 (pbk)
=035  \\$a(StEdNL)E3488228
=039  0\$a2766
=040  \\$aStEdNL$dUk
=050  00$aBJ1401
=082  04$a214$221
=245  00$aGod and the problem of evil /$cedited by William L. Rowe.
=260  \\$aMalden, Mass. ;$aOxford :$bBlackwell,$c2001.
=300  \\$axiii, 317 p. ;$c24 cm.
=336  \\$atext$2rdacontent
=337  \\$aunmediated$2rdamedia
=338  \\$avolume$2rdacarrier
=490  1\$aBlackwell readings in philosophy ;$v1
=504  \\$aIncludes bibliographical references and index.
=598  \\$aPROV.RECORD
=650  \0$aGood and evil.
=650  \0$aTheodicy.
=700  1\$aRowe, William L.,$d1931-2015.
=886  2\$2blmarc$a010$b00$a00051918
=830  \0$aBlackwell readings in philosophy ;$v1.
=852  41$aBritish Library$bDSC$i2107.5928
=852  41$aBritish Library$bHMNTS$jYC.2003.a.17699
=945  \\$aBlackwell readings in philosophy ; v 1
=957  \\$r17/6/03$tM/35066-24
=966  \\$lACQUIS 18/03/2002
=CAT  \\$aCONV$b00$c20040425$lBLL90$h0809
=CAT  \\$aCONV$b00$c20040502$lBLL01$h1430
=CAT  \\$aglobal_upd$b40$c20060417$lBLL01$h1212
=CAT  \\$aBATCH$b00$c20091122$lBLL01$h1804
=CAT  \\$aBATCH$b00$c20091217$lBLL01$h0224
=CAT  \\$aBATCH-UPD$b00$c20151003$lBLL01$h2033
=FIN  \\$aY
=LDO  \\$aOEC$bhbk$c5/3/03
=LEO  \\$aMP5.0000182599
=LEO  \\$aMP8.0001672961
=LEO  \\$aMP13.0001769671
=SRC  \\$aBNB03$bbibmp5.200404.2.aa
=SRC  \\$aDSC01$bbibmp8.200404.2.ac
=SRC  \\$aHSS01$bbibmp13.200404.2.ac
=SRC  \\$aLDS01$bbiblm.200404.2.aa
=LAS  \\$aBATCH-UPD$b00$c20151003$lBLL01$h2033

