=LDR  02239cam a2200637ua 4500
=001  011360013
=003  Uk
=005  20220316150900.0
=008  000131s1998\\\\enkak\\||\\\\\001\||eng\\
=FMT  \\$a  BK
=010  \\$a97045335
=015  \\$aGB9855532$2bnb
=019  y\$ab9855532
=019  9\$a0761905200
=019  g\$aadv0102188254
=019  a\$aG05491621
=019  1\$a0761905200
=020  \\$a0761905200 (cased) :$cNo price
=020  \\$a0761905219 (pbk.) :$cNo price
=039  0\$a2577
=040  \\$aDLC$cDLC$dUk
=082  04$a153.93$221
=100  1\$aArmour-Thomas, Eleanor.
=245  10$aAssessing intelligence :$bapplying a bio-cultural model /$cEleanor Armour-Thomas, Sharon-ann Gopaul-McNicol.
=260  \\$aThousands Oaks, Calif. ;$aLondon :$bSAGE,$cc1998.
=300  \\$axxiv, 239p. :$bill., forms ;$c23cm.
=336  \\$atext$2rdacontent
=337  \\$aunmediated$2rdamedia
=338  \\$avolume$2rdacarrier
=490  1\$aRacial and ethnic minority psychology series ;$vv. 1
=500  \\$aBibliography: p205-223. _ Includes indexes.
=650  \0$aIntelligence tests.
=650  \0$aNature and nurture.
=650  \0$aCognition and culture.
=700  1\$aGopaul-McNicol, Sharon-Ann.
=886  2\$2ukmarc$a900$b10$aThomas$hEleanor Armour-$xSee$aArmour-Thomas, Eleanor$z100
=886  2\$2ukmarc$a900$b10$aMcNicol$hSharon-Ann Gopaul-$xSee$aGopaul-McNicol, Sharon-Ann$z700
=830  \0$aRacial and ethnic minority psychology series ;$vv. 1.
=852  41$aBritish Library$bDSC$i7225.9805
=852  41$aBritish Library$bHMNTS$jYC.2000.a.1383
=945  \\$aRacial and Ethnic Psychology Series
=966  \\$lACQUIS 02/07/98
=CAT  \\$aCONV$b00$c20040425$lBLL90$h0814
=CAT  \\$aCONV$b00$c20040502$lBLL01$h1431
=CAT  \\$aglobal_upd$b40$c20060417$lBLL01$h1214
=CAT  \\$aBATCH$b00$c20091122$lBLL01$h1813
=CAT  \\$aBATCH$b00$c20091217$lBLL01$h0226
=CAT  \\$aBATCH-UPD$b00$c20220316$lBLL01$h1509
=FIN  \\$aY
=LEO  \\$aMP5.0001713027
=LEO  \\$aMP8.0001416546
=LEO  \\$aMP13.0001954736
=SRC  \\$aBNB03$bbibmp5.200404.2.ac
=SRC  \\$aDSC01$bbibmp8.200404.2.ab
=SRC  \\$aHSS01$bbibmp13.200404.2.ad
=LAS  \\$aBATCH-UPD$b00$c20220316$lBLL01$h1509

