=LDR  01871 am a2200577ua 4500
=001  011367722
=003  Uk
=005  20091122181600.0
=008  991012s1999\\\\wlka\\\||\\\\\001\||eng\\
=FMT  \\$a  BK
=010  \\$a99024675
=015  \\$aGB9971162$2bnb
=019  y\$ab9971162
=019  9\$a0773479805
=019  g\$aadv5000121686
=019  a\$aG05769397
=019  1\$a0773479805
=020  \\$a0773479805 :$cNo price
=020  \\$a077347918X (series)
=039  0\$a2563
=040  \\$aDLC$cDLC$dUk
=082  04$a617.522$221
=100  1\$aCorruccini, Robert S.
=245  00$aHow anthropology informs the orthodontic diagnosis of malocclusion's causes /$cRobert S. Corruccini.
=260  \\$aLewiston ;$aLampeter :$bEdwin Mellen Press,$cc1999.
=300  \\$avi, 206 p. :$bill. ;$c24 cm.
=336  \\$atext$2rdacontent
=337  \\$aunmediated$2rdamedia
=338  \\$avolume$2rdacarrier
=490  0\$aMellen studies in anthropology ;$vv. 1
=504  \\$aIncludes bibliographical references and index.
=598  \\$aPROV.RECORD
=650  \0$aTeeth$xAbnormalities$xGenetic aspects.
=650  \0$aJaws$xAbnormalities$xGenetic aspects.
=650  \0$aMalocclusion$xGenetic aspects.
=650  \0$aOrthodontics, Corrective.
=852  41$aBritish Library$bDSC$i5544.98736
=852  41$aBritish Library$bHMNTS$jYC.1999.b.7905
=945  \\$aMellen Studies in Anthropology ; v 2
=CAT  \\$aCONV$b00$c20040425$lBLL90$h0814
=CAT  \\$aCONV$b00$c20040502$lBLL01$h1431
=CAT  \\$aglobal_upd$b40$c20060417$lBLL01$h1215
=CAT  \\$aBATCH$b00$c20091122$lBLL01$h1816
=FIN  \\$aY
=LEO  \\$aMP5.0001718214
=LEO  \\$aMP8.0001531054
=LEO  \\$aMP13.0001962607
=SRC  \\$aBNB03$bbibmp5.200404.2.ac
=SRC  \\$aDSC01$bbibmp8.200404.2.ac
=SRC  \\$aHSS01$bbibmp13.200404.2.ad
=LAS  \\$aBATCH$b00$c20091122$lBLL01$h1816

