=LDR  01424 am a2200469ui 4500
=001  011390050
=003  Uk
=005  20091214070000.0
=008  780427s1976\\\\xxca\\\\|\\\\\000\p\eng\\
=FMT  \\$a  BK
=019  1\$a0887501982
=020  \\$a0887501990
=020  \\$a0887501982
=040  \\$aUk$cUk
=082  04$a811/.5/4$218
=082  04$a811/.54$219
=100  1\$aMcWhirter, George.
=245  10$aQueen of the sea :$bpoems /$cby George McWhirter.
=260  \\$a[Ottawa] :$bOberon Press,$c1976.
=300  \\$a3-125 :$b1 ill. ;$c21cm.
=336  \\$atext$2rdacontent
=337  \\$aunmediated$2rdamedia
=338  \\$avolume$2rdacarrier
=597  \\$aDLC$b76380954
=653  \\$aPoetry in English$aCanadian writers$a1945-$aTexts
=852  4\$aBritish Library$bDSC$xX26/6624
=852  41$aBritish Library$bHMNTS$jX.989/51735
=957  \\$a770510C
=975  \\$aF
=CAT  \\$aCONV$b00$c20040425$lBLL90$h0825
=CAT  \\$aCONV$b00$c20040502$lBLL01$h1432
=CAT  \\$aglobal_upd$b40$c20060417$lBLL01$h1814
=CAT  \\$aUCB-HOL$b00$c20070906$lBLL01$h1624
=CAT  \\$aBATCH$b00$c20070906$lBLL01$h2003
=CAT  \\$aBATCH$b00$c20071122$lBLL01$h0950
=CAT  \\$aBATCH$b00$c20091210$lBLL01$h0458
=CAT  \\$aBATCH$b00$c20091214$lBLL01$h0700
=FIN  \\$aY
=LEO  \\$aMP13.0002151543
=SRC  \\$aHSS01$bbibmp13.200404.2.ad
=SRC  \\$aUCB 2007
=LAS  \\$aBATCH$b00$c20091214$lBLL01$h0700

