=LDR  01492 am a2200457uu 4500
=001  011529822
=003  Uk
=005  20000630114626.0
=008  040420s1970\\\\|||\\\\||\\\\\000\||fre\\
=FMT  \\$a  BK
=019  u\$aG11956425
=020  \\$cNo price
=035  \\$a(Uk)13337409
=040  \\$aUk$cUk
=050  00$aD568.3
=100  1\$aCarcopino, Jérôme,$d1881-1970.
=245  10$aSouvenirs de la guerre en Orient 1915-1917.
=260  \\$a[Paris] :$bHachette,$c[1970]
=300  \\$a222p.
=336  \\$atext$2rdacontent
=337  \\$aunmediated$2rdamedia
=338  \\$avolume$2rdacarrier
=650  \0$aWorld War, 1914-1918$xCampaigns$zTurkey$zGallipoli Peninsula.
=650  \0$aWorld War, 1914-1918$xCampaigns$zBalkan Peninsula.
=650  \0$aWorld War, 1914-1918$xPersonal narratives, French.
=852  4\$aBritish Library$bDSC$jL70/2183
=852  4\$aBritish Library$bDSC$xL70/2183
=852  41$aBritish Library$bDSC$jL70/2183
=CAT  \\$aCONV$b00$c20040425$lBLL90$h0913
=CAT  \\$aCONV$b00$c20040502$lBLL01$h1435
=CAT  \\$aglobal_upd$b40$c20060417$lBLL01$h1234
=CAT  \\$aUCB-HOL$b00$c20070906$lBLL01$h1624
=CAT  \\$aBATCH$b00$c20070906$lBLL01$h2003
=CAT  \\$aBATCH$b00$c20071122$lBLL01$h0951
=CAT  \\$aBATCH$b00$c20091210$lBLL01$h0521
=CAT  \\$aBATCH$b00$c20091214$lBLL01$h0725
=FIN  \\$aY
=LEO  \\$aMP34.0000576287
=SRC  \\$aUCB01$bbibmp34.200404.2.aa
=SRC  \\$aUCB 2007
=LAS  \\$aBATCH$b00$c20091214$lBLL01$h0725

