=LDR  01647cam a22004933u 4500
=001  011580400
=003  Uk
=005  20220331220953.0
=008  701210s1970\\\\enka\\\\|\\\\\001\|\eng\\
=FMT  \\$a  BK
=015  \\$aGB7028518$2bnb
=019  y\$aB7028518
=019  9\$a0435725599
=020  \\$a0435725599 :$c£6
=040  \\$aUk$cUk
=082  04$a660/.28427$218
=245  00$aHeat transfer /$cby F. A. Holland [and others].
=260  \\$aLondon :$bHeinemann Educational,$c1970.
=300  \\$axvii,612p. :$bill. ;$c24cm.
=336  \\$atext$2rdacontent
=337  \\$aunmediated$2rdamedia
=338  \\$avolume$2rdacarrier
=490  0\$aHeinemann chemical engineering series
=597  \\$aDLC$b76547543
=540  \\$aCurrent Copyright Fee: GBP25.00$c0$5Uk
=650  \0$aHeat$xTransmission.
=700  1\$aHolland, F. A.$q(Frederick Anthony)
=852  4\$aBritish Library$bDSC$jW42/8373$x2 copies
=852  4\$aBritish Library$bDSC$xHeavy use dup 2 copies
=CAT  \\$aCONV$b00$c20040425$lBLL90$h0522
=CAT  \\$aCONV$b00$c20040502$lBLL01$h1440
=CAT  \\$aglobal_upd$b40$c20060417$lBLL01$h1247
=CAT  \\$aUCB-HOL$b00$c20070906$lBLL01$h1625
=CAT  \\$aBATCH$b00$c20070906$lBLL01$h2005
=CAT  \\$aBATCH$b00$c20071122$lBLL01$h0953
=CAT  \\$aBATCH$b00$c20091225$lBLL01$h0129
=CAT  \\$aBATCH-CLAB$c20220330$lBLL01$h1610
=CAT  \\$aIPL-CLA$c20220331$lBLL01$h2209
=CFI  0\$aCurrent Copyright Fee: GBP25.00$c0$e01-apr-2022$fGBP25.00$g0$hC$5Uk
=FIN  \\$aY
=LEO  \\$aMP2.0000331199
=SRC  \\$aBNB01$bbibmp2.200404.2.aa
=SRC  \\$aUCB 2007
=LAS  \\$aIPL-CLA$b00$c20220331$lBLL01$h2209

