=LDR  02330 am a22004933u 4500
=001  011606505
=003  Uk
=005  20100212190000.0
=008  730123s1971\\\\enk\\\\||\\\\\100\||eng\\
=FMT  \\$a  BK
=015  \\$aGB7302279$2bnb
=019  y\$aB7302279
=019  9\$a0901738727
=020  \\$a0901738727 (sd) :$cFree
=040  \\$aUk$cUk
=050  00$aTK5102.5
=082  04$a001.6/4044$218
=245  00$aData transmission - the future :$bproceedings [of a] seminar given by the NEDC Advisory Group on Data Transmission, April 16, 1971 [at the] Royal Commonwealth Society, London.$n5,$pNetwork software: possible facilities and some design problems /$cD.S. Jones.
=260  \\$a[London] :$b[National Economic Development Office],$c[1971]
=300  \\$a[2],12 leaves ;$c30cm.
=336  \\$atext$2rdacontent
=337  \\$aunmediated$2rdamedia
=338  \\$avolume$2rdacarrier
=650  \0$aData transmission systems$xCongresses.
=650  \0$aElectronic digital computers$xCongresses.
=653  \\$aDigital computer systems$aData transmission$aGreat Britain$aProposals$aConference proceedings
=700  1\$aJones, D. S.$q(Douglas Samuel),$d1922-
=710  2\$aAdvisory Group on Data Transmission.
=886  2\$2ukmarc$a900$b10$aJones$hDouglas Samuel$xSee$aJones, D. S. (Douglas Samuel)$z700
=886  2\$2ukmarc$a910$b20$aNational Economic Development Council$cAdvisory Group on Data Transmission$xSee$aAdvisory Group on Data Transmission$z710
=886  2\$2ukmarc$a910$b10$aGreat Britain$cNational Economic Development Council$xSee$aNational Economic Development Council$z710
=886  2\$2ukmarc$a910$b20$aNeddy$xSee$aNational Economic Development Council$z710
=886  2\$2ukmarc$a910$b20$aN.E.D.C$xSee$aNational Economic Development Council$z710
=886  2\$2ukmarc$a910$b20$aNational Economic Development Office$xSee also$aNational Economic Development Council$z710
=852  11$aBritish Library$bDSC$cQ$h001.5 *3*
=852  41$aBritish Library$bDSC$jOP-GPB/4279
=CAT  \\$aCONV$b00$c20040425$lBLL90$h0529
=CAT  \\$aCONV$b00$c20040502$lBLL01$h1441
=CAT  \\$aglobal_upd$b40$c20060417$lBLL01$h1256
=CAT  \\$aBATCH-UPD$b40$c20100212$lBLL01$h1900
=FIN  \\$aY
=LEO  \\$aMP3.0000173962
=SRC  \\$aBNB02$bbibmp3.200404.2.aa
=LAS  \\$aBATCH-UPD$b40$c20100212$lBLL01$h1900

