=LDR  02285cam a2200685 a 4500
=001  011625632
=003  Uk
=005  20221231201745.0
=008  030414s2004\\\\enk\\\\\\b\\\\001\0\eng\\
=FMT  \\$a  BK
=015  \\$aGBA3W3837$2bnb
=019  y\$abA3W3837
=019  9\$a1403911797
=019  g\$aadv5004833915
=019  a\$aG07880923
=020  \\$a1403911797 (pbk.) :$c£15.99
=039  0\$a2748
=040  \\$aStDuBDS$beng$cUk$dUk
=042  \\$aukblsr
=082  04$a346.41048$222
=100  1\$aHart, Tina$q(Tina S.)
=245  10$aIntellectual property law /$cTina Hart and Linda Fazzani.
=250  \\$a3rd ed.
=260  \\$aBasingstoke :$bPalgrave Macmillan,$c2004.
=300  \\$axxix, 284 p. ;$c22 cm.
=336  \\$atext$2rdacontent
=337  \\$aunmediated$2rdamedia
=338  \\$avolume$2rdacarrier
=490  1\$aPalgrave law masters
=504  \\$aIncludes bibliographical references and index.
=500  \\$aPrevious ed.: 2000.
=540  \\$aCurrent Copyright Fee: GBP30.00$c0$5Uk
=650  \0$aIntellectual property$zGreat Britain.
=700  1\$aFazzani, Linda.
=830  \0$aPalgrave law masters.
=852  11$aBritish Library$bSTI$kBIPC Small Business Help Section
=852  41$aBritish Library$bHMNTS$jYC.2005.a.3218
=852  41$aBritish Library$bDSC$jm03/35987
=957  \\$r6/10/03$tM/36139-08
=966  \\$lACQUIS 03/10/2003
=CAT  \\$aCONV$b00$c20040425$lBLL90$h0540
=CAT  \\$aCONV$b00$c20040502$lBLL01$h1441
=CAT  \\$a7732$b40$c20050605$lBLL01$h0759
=CAT  \\$a10932$b40$c20050607$lBLL01$h0851
=CAT  \\$aglobal_upd$b40$c20060417$lBLL01$h1259
=CAT  \\$aBATCH$b00$c20091122$lBLL01$h1854
=CAT  \\$aBATCH$b00$c20091217$lBLL01$h0232
=CAT  \\$a7416$b40$c20170720$lBLL01$h1143
=CAT  \\$aBATCH-UPD$b40$c20170720$lBLL01$h1143
=CAT  \\$aBATCH-CLAB$c20221217$lBLL01$h1804
=CAT  \\$aIPL-CLA$c20221231$lBLL01$h2017
=CFI  0\$aCurrent Copyright Fee: GBP30.00$c0$e01-jan-2023$fGBP30.00$g0$hC$5Uk
=FIN  \\$aY$d20050607
=LDO  \\$aCIP$bpbk$c18/9/03
=LEO  \\$aMP5.0000344226
=LEO  \\$aMP8.0001874643
=SRC  \\$aLDS01$bbiblm.200404.2.aa
=SRC  \\$aBNB03$bbibmp5.200404.2.aa
=SRC  \\$aDSC01$bbibmp8.200404.2.ac
=LAS  \\$aIPL-CLA$b00$c20221231$lBLL01$h2017

