=LDR  01516pam a2200469 a 4500
=001  011626501
=003  Uk
=005  20050818112849.0
=008  030110s2003\\\\enka\\\\\b\\\\001\0\eng\\
=FMT  \\$a  BK
=015  \\$aGBA3Z3242$2bnb
=019  y\$abA3Z3242
=019  9\$a1405108738
=020  \\$a1405108738 (pbk) :$c£199.00
=039  0\$a2726
=040  \\$aStDuBDS$dUk
=042  \\$aukblsr
=082  04$a616.15$222
=245  00$aASH-SAP$bAmerican Society of Hematology self-assessment program/$ceditors, James N. George, Michael E. Williams.
=260  \\$aOxford :$bBlackwell Science,$c2003.
=300  \\$a2 v. :$bcol. ill. ;$c28 cm.
=336  \\$atext$2rdacontent
=337  \\$aunmediated$2rdamedia
=338  \\$avolume$2rdacarrier
=505  0\$avol. 2, Questions.
=504  \\$aIncludes bibliographical references and index.
=500  \\$aFormerly CIP.$5Uk
=650  \0$aHematology$xExaminations$vStudy guides.
=710  2\$aAmerican Society of Hematology.
=852  41$aBritish Library$bHMNTS$jYK.2005.b.2772$ivol .1
=852  41$aBritish Library$bHMNTS$ivol. 2
=957  \\$r29/12/03$tM/36973-14
=CAT  \\$aCONV$b00$c20040425$lBLL90$h0540
=CAT  \\$aCONV$b00$c20040502$lBLL01$h1441
=CAT  \\$a10746$b40$c20050818$lBLL01$h1127
=CAT  \\$a10746$b40$c20050818$lBLL01$h1128
=FIN  \\$aY$d20050818
=LDO  \\$aCIP$bpbk
=LEO  \\$aMP5.0000345393
=SRC  \\$aBNB03$bbibmp5.200404.2.aa
=SRC  \\$aLDS01$bbiblm.200404.2.aa
=LAS  \\$a10746$b40$c20050818$lBLL01$h1128

