=LDR  01065 am a22003733u 4500
=001  011655381
=003  Uk
=005  20091214074200.0
=008  \\\\\\|1980\\\\|||\\\\||\\\\\000\||eng\\
=FMT  \\$a  BK
=019  a\$aG00393090
=019  u\$aG11343271
=020  \\$a0906501229
=040  \\$aUk$cUk
=110  0\$aAndersons Tutors Ltd.
=245  00$aCorporation Tax.
=250  \\$a2nd Ed.
=260  \\$bAnderson Keenan,$c1980.
=336  \\$atext$2rdacontent
=337  \\$aunmediated$2rdamedia
=338  \\$avolume$2rdacarrier
=852  41$aBritish Library$bDSC$jF83/3086
=852  41$aBritish Library$bDSC$iF83/3364
=CAT  \\$aCONV$b00$c20040425$lBLL90$h0633
=CAT  \\$aCONV$b00$c20040502$lBLL01$h1442
=CAT  \\$aglobal_upd$b40$c20060417$lBLL01$h1302
=CAT  \\$aBATCH$b00$c20091210$lBLL01$h0535
=CAT  \\$aBATCH$b00$c20091214$lBLL01$h0742
=FIN  \\$aY
=LEO  \\$aMP8.0000149633
=LEO  \\$aMP34.0000481679
=SRC  \\$aDSC01$bbibmp8.200404.2.aa
=SRC  \\$aUCB01$bbibmp34.200404.2.aa
=LAS  \\$aBATCH$b00$c20091214$lBLL01$h0742

