=LDR  03348cas a22007693  4500
=001  011773960
=003  Uk
=005  20221231202745.0
=008  040410u||||||||gw\a|\p|||\\\\0\\\|0ger\\
=FMT  \\$a  SE
=019  c\$a2516300
=040  \\$aUk$cUk
=245  00$aRichard Wagner Sämtliche Briefe
=336  \\$atext$2rdacontent
=337  \\$aunmediated$2rdamedia
=338  \\$avolume$2rdacarrier
=500  \\$-SUPPRESSED
=540  \\$aCurrent Copyright Fee: GBP25.00$c0$5Uk
=886  2\$2blmarc$a092$b00$a9261.197334n
=883  0\$aLanguage codes assigned by Bayesian analysis of words present in record$d20210115$qUk$c0.9450
=852  41$aBritish Library$bHMNTS$cSPHOA$3Vol. 1-
=852  41$aBritish Library$bHMNTS$jX.0439/31$3BD.1- (BD.5 MISSING)
=945  \\$aWAGNER RICHARD SAMTLICHE BRIEFE.
=979  \\$aBritish Library$bDSC$j9261.197334N
=A02  \\$a2516300
=CAT  \\$aCONV$b00$c20040425$lBLL90$h0712
=CAT  \\$aBATCH-UPD$b00$c20100401$lBLL01$h0231
=CAT  \\$aBATCH$b00$c20100401$lBLL01$h0533
=CAT  \\$aBATCH$b00$c20100401$lBLL01$h1603
=CAT  \\$aBATCH-UPD$b00$c20101124$lBLL01$h1927
=CAT  \\$aBATCH-UPD$b00$c20101125$lBLL01$h1154
=CAT  \\$aIPL-CLA$c20101231$lBLL01$h1443
=CAT  \\$aWR11_203$c20111204$lBLL01$h1449
=CAT  \\$aIPL-CLA$c20111230$lBLL01$h1948
=CAT  \\$aBATCH-CLA$b00$c20121109$lBLL01$h1745
=CAT  \\$aWR13.005$c20130323$lBLL01$h1221
=CAT  \\$aBATCH-CLA$c20131219$lBLL01$h1910
=CAT  \\$aIPL-CLA$c20131231$lBLL01$h2246
=CAT  \\$aBATCH-CLA$b00$c20161222$lBLL01$h1752
=CAT  \\$aIPL-CLA$c20161230$lBLL01$h2042
=CAT  \\$aBATCH-CLA$b00$c20171222$lBLL01$h2109
=CAT  \\$aIPL-CLA$c20171231$lBLL01$h1600
=CAT  \\$aBATCH-CLA$b00$c20191219$lBLL01$h1719
=CAT  \\$aIPL-CLA$c20191231$lBLL01$h1904
=CAT  \\$aR2001-1524$c20200127$lBLL01$h1955
=CAT  \\$aBATCH-CLA$b00$c20201204$lBLL01$h1519
=CAT  \\$aIPL-CLA$c20201231$lBLL01$h2124
=CAT  \\$aW2102-0046$b00$c20210506$lBLL01$h1507
=CAT  \\$a9243$b40$c20210721$lBLL01$h1048
=CAT  \\$aBATCH-CLA$b00$c20221221$lBLL01$h1826
=CAT  \\$aIPL-CLA$c20221231$lBLL01$h2027
=CFI  0\$aCurrent Copyright Fee: GBP25.00$c0$e01-jan-2023$fGBP25.00$g0$hA$5Uk
=CFI  2\$aPrevious Copyright Fee: GBP22.50$c0$e01-jan-2021$fGBP22.50$g0$hA$5Uk
=FIN  \\$aY
=TCO  \\$aDEU$bVG WORT$c008
=ACF  \\$aPrevious copyright fee: GBP9.00$c0$e01-apr-2010$fGBP9.00$g0$hA$5Uk
=ACF  \\$aPrevious copyright fee: GBP6.00$c0$e01-apr-2008$fGBP6.00$g0$hA$5Uk
=ACF  \\$aPrevious copyright fee: GBP5.00$c0$e01-jul-2002$fGBP5.00$g0$hA$5Uk
=ACF  \\$aCurrent copyright fee: GBP4.40$c0$e01-jul-1998$fGBP4.40$g0$hA$5Uk
=ACF  \\$aCurrent copyright fee: GBP4.20$c0$e01-apr-1997$fGBP4.20$g0$hA$5Uk
=ACF  \\$aPrevious copyright fee: GBP10.50$c0$e01-jan-2011$fGBP10.50$g0$hA$5Uk
=ACF  \\$aPrevious copyright fee: GBP12.00$c0$e01-jan-2012$fGBP12.00$g0$hA$5Uk
=ACF  \\$aPrevious Copyright Fee: GBP12.30$c0$e01-jan-2014$fGBP12.30$g0$hA$5Uk
=ACF  \\$aPrevious Copyright Fee: GBP15.00$c0$e01-jan-2017$fGBP15.00$g0$hA$5Uk
=ACF  \\$aPrevious Copyright Fee: GBP17.50$c0$e01-jan-2018$fGBP17.50$g0$hA$5Uk
=ACF  \\$aPrevious Copyright Fee: GBP20.00$c0$e01-jan-2020$fGBP20.00$g0$hA$5Uk
=LAS  \\$aIPL-CLA$b00$c20221231$lBLL01$h2027

