=LDR  03828cam a2200937uu 4500
=001  011795784
=003  Uk
=005  20221231203050.0
=008  020801s2002\\\\enk\\\\||\\\\\000\||eng\\
=FMT  \\$a  BK
=019  8\$angb200207434
=019  a\$aG07553288
=019  1\$abld00J1146
=020  \\$a0906072565 (pbk.) :$c£6.00
=040  \\$aUk$cUk
=072  \7$a05R$2sigle
=082  04$a301$222
=082  04$a361$222
=100  1\$aDunstan, Richard.
=245  10$aProcess error :$bCAB clients' experience of the National Asylum Support Service /$cthis report was written by Richard Dunstan.
=260  \\$aLondon :$bNational Association of Citizens Advice Bureaux,$c2002.
=300  \\$a35 p. ;$c30 cm.
=336  \\$atext$2rdacontent
=337  \\$aunmediated$2rdamedia
=338  \\$avolume$2rdacarrier
=490  1\$aEvidence report / Citizens Advice Bureau
=504  \\$aIncludes bibliographical references.
=540  \\$aCurrent Copyright Fee: GBP25.00$c0$5Uk
=610  24$aNational Asylum Support Service.
=650  \0$aRefugees$xGovernment policy$zGreat Britain.
=650  \0$aSociology
=650  \0$aHuman services
=653  \\$aAsylum seekers; Refugees; NASS
=653  \\$aSociology
=690  7\$aSocial Welfare$2blcoll
=710  2\$aNational Asylum Support Service.
=710  2\$aNational Association of Citizens Advice Bureaux.
=830  \0$aEvidence report (Citizens Advice Bureau)
=886  2\$2ukmarc$a910$b20$aNASS$xSee$aNational Asylum Support Service$z610
=886  2\$2ukmarc$a910$b20$aNASS$xSee$aNational Asylum Support Service$z710
=886  2\$2ukmarc$a910$b20$aNACAB$xSee$aNational Association of Citizens Advice Bureaux$z710/1
=852  41$aBritish Library$bDSC$i3831.039150
=852  41$aBritish Library$bHMNTS$jYA.2002.b.4248
=945  \\$aEvidence report - National association of citizens advice bureaux nacab e
=957  \\$a020701d
=CAT  \\$aCONV$b00$c20040425$lBLL90$h0720
=CAT  \\$aCONV$b00$c20040502$lBLL01$h1446
=CAT  \\$aglobal_upd$b40$c20060417$lBLL01$h1328
=CAT  \\$asigle_ddc$b40$c20070409$lBLL01$h2013
=CAT  \\$aBATCH$b00$c20091210$lBLL01$h0624
=CAT  \\$aBATCH$b00$c20110625$lBLL01$h0451
=CAT  \\$aBATCH-SWP4$c20110627$lBLL01$h1529
=CAT  \\$aBATCH-CLA$b00$c20120928$lBLL01$h1824
=CAT  \\$aBATCH-CLA$b00$c20120930$lBLL01$h1025
=CAT  \\$aBATCH-CLA$b00$c20130508$lBLL01$h0707
=CAT  \\$aBATCH-CLA$c20131220$lBLL01$h1959
=CAT  \\$aIPL-CLA$c20131231$lBLL01$h2254
=CAT  \\$aBATCH-CLA$b00$c20161222$lBLL01$h1754
=CAT  \\$aIPL-CLA$c20161230$lBLL01$h2047
=CAT  \\$aBATCH-CLA$b00$c20171222$lBLL01$h2111
=CAT  \\$aIPL-CLA$c20171231$lBLL01$h1604
=CAT  \\$aBATCH-CLA$b00$c20191219$lBLL01$h1721
=CAT  \\$aIPL-CLA$c20191231$lBLL01$h1907
=CAT  \\$aBATCH-CLA$b00$c20201204$lBLL01$h1521
=CAT  \\$aIPL-CLA$c20201231$lBLL01$h2128
=CAT  \\$aBATCH-CLA$b00$c20221221$lBLL01$h1828
=CAT  \\$aIPL-CLA$c20221231$lBLL01$h2030
=CFI  0\$aCurrent Copyright Fee: GBP25.00$c0$e01-jan-2023$fGBP25.00$g0$hA$5Uk
=CFI  2\$aPrevious Copyright Fee: GBP22.50$c0$e01-jan-2021$fGBP22.50$g0$hA$5Uk
=FIN  \\$aY
=LEO  \\$aMP8.0001777491
=LEO  \\$aMP13.0000103233
=SRC  \\$aDSC01$bbibmp8.200404.2.ac
=SRC  \\$aHSS01$bbibmp13.200404.2.aa
=TCO  \\$aCLA$bCLA$c008
=ACF  \\$aPrevious copyright fee: GBP12.00$c0$e01-jan-2012$fGBP12.00$g0$hA$5Uk
=ACF  \\$aPrevious Copyright Fee: GBP12.30$c0$e01-jan-2014$fGBP12.30$g0$hA$5Uk
=ACF  \\$aPrevious Copyright Fee: GBP15.00$c0$e01-jan-2017$fGBP15.00$g0$hA$5Uk
=ACF  \\$aPrevious Copyright Fee: GBP17.50$c0$e01-jan-2018$fGBP17.50$g0$hA$5Uk
=ACF  \\$aPrevious Copyright Fee: GBP20.00$c0$e01-jan-2020$fGBP20.00$g0$hA$5Uk
=LAS  \\$aIPL-CLA$b00$c20221231$lBLL01$h2030

