=LDR  01357 am a2200385ua 4500
=001  011831353
=003  Uk
=005  20160813172900.0
=008  840118s1938\\\\ii\\\\\||\\\\||||\||eng\\
=FMT  \\$a  BK
=019  2\$aiole02160
=040  \\$aUk$cUk
=100  1\$aSardesai, R. N.
=245  10$aPicturesque Orientalia :$bbeing a collection of 103 photos of the eminent Indologists-living and dead-of the West /$ccompiled with a short description on each photo by R.N. Sardesai.
=260  \\$aPoona :$bOriental Book Agency,$c1938.
=300  \\$a[2],103leaves of plates :$bwholly ports. ;$c23cm.
=336  \\$atext$2rdacontent
=337  \\$aunmediated$2rdamedia
=338  \\$avolume$2rdacarrier
=490  1\$aPoona oriental series ;$vno.56
=650  \0$aIndologists$xPortraits.
=886  2\$2blmarc$a967$b00$gx
=830  \0$aPoona Oriental series ;$vno.56.
=852  41$aBritish Library$bOC$xStaff Reference.
=852  41$aBritish Library$bOC$jV 24501
=957  \\$a830728p
=CAT  \\$aCONV$b00$c20040425$lBLL90$h0730
=CAT  \\$aCONV$b00$c20040502$lBLL01$h1447
=CAT  \\$aBATCH$b00$c20091122$lBLL01$h1924
=CAT  \\$aBATCH$b00$c20091217$lBLL01$h0238
=CAT  \\$aBATCH-UPD$b00$c20160813$lBLL01$h1729
=FIN  \\$aY
=LEO  \\$aMP13.0000473172
=SRC  \\$aHSS01$bbibmp13.200404.2.aa
=LAS  \\$aBATCH-UPD$b00$c20160813$lBLL01$h1729

