=LDR  01672 am a2200553ua 4500
=001  011958844
=003  Uk
=005  20151201100900.0
=008  850715s1985\\\\enk\\\\||\\\\\001\||eng\\
=FMT  \\$a  BK
=015  \\$aGB8504907$2bnb
=019  y\$ab8504907
=019  9\$a0406605017
=019  1\$a0406605017
=020  \\$a0406605025 (pbk) :$cNo price
=020  \\$a0406605017 (cased) :$cNo price
=039  0\$a1849
=040  \\$aUk$cUk
=043  \\$ae-uke--
=050  00$aKD660
=082  04$a340/.0942$218
=082  04$a344.2$219
=100  1\$aJames, Philip S.
=245  10$aIntroduction to English law /$cPhilip S. James.
=250  \\$a11th ed. /$bchapter on revenue law [by] G. N. Glover.
=260  \\$aLondon :$bButterworths,$c1985.
=300  \\$axxxv,569p. ;$c22cm.
=336  \\$atext$2rdacontent
=337  \\$aunmediated$2rdamedia
=338  \\$avolume$2rdacarrier
=500  \\$aPrevious ed.: 1979.
=500  \\$aIncludes index.
=650  \0$aLaw$zEngland.
=653  \\$aEngland$aLaw
=700  1\$aGlover, G. N.$q(George Neil),$d1921-
=852  41$aBritish Library$bHMNTS$jX.200/46534
=852  11$aBritish Library$bHMNTS$kOPL$h345.0942$qCopy at OPL 345.0942. Missing.$3[Another copy: paperback]
=916  \\$a100=NOTNAL
=957  \\$a860615p
=CAT  \\$aCONV$b00$c20040425$lBLL90$h0804
=CAT  \\$aCONV$b00$c20040502$lBLL01$h1451
=CAT  \\$aBATCH$b00$c20091122$lBLL01$h2346
=CAT  \\$a7416$b40$c20151201$lBLL01$h1009
=FIN  \\$aY
=LEO  \\$aMP5.0001004678
=LEO  \\$aMP13.0001604208
=SRC  \\$aBNB03$bbibmp5.200404.2.ab
=SRC  \\$aHSS01$bbibmp13.200404.2.ac
=LAS  \\$a7416$b40$c20151201$lBLL01$h1009

