=LDR  01877 am a2200565ua 4500
=001  011958954
=003  Uk
=005  20091122234600.0
=008  860113s1985\\\\enk\\\\||\\\\\001\||eng\\
=FMT  \\$a  BK
=015  \\$aGB8600208$2bnb
=019  y\$ab8600208
=019  9\$a0406677603
=019  1\$a0406677603
=020  \\$a0406677611
=020  \\$a0406677603 (cased) :$cNo price
=039  0\$a1874
=040  \\$aUk$cUk
=043  \\$ae-uke--
=050  00$aKD660
=082  04$a344.207$219
=100  1\$aWalker, R. J.$q(Ronald Jack),$d1940-
=245  14$aThe English legal system /$cWalker & Walker.
=250  \\$a6th ed. /$bby R.J. Walker.
=260  \\$aLondon :$bButterworths,$c1985.
=300  \\$ali,709p. ;$c25cm.
=336  \\$atext$2rdacontent
=337  \\$aunmediated$2rdamedia
=338  \\$avolume$2rdacarrier
=500  \\$aPrevious ed.: 1980.
=500  \\$aIncludes index.
=650  \0$aLaw$zEngland.
=650  \0$aJustice, Administration of$zEngland.
=653  \\$aEngland$aLegal system
=700  1\$aWalker, Michael George.
=886  2\$2ukmarc$a900$b10$aWalker$hMichael George$xSee$aWalker, M. G. (Michael George)$z700
=886  2\$2ukmarc$a900$b10$aWalker$hMichael G.$kMichael George$xSee$aWalker, M. G. (Michael George)$z700
=852  41$aBritish Library$bHMNTS$jX.200/47928
=852  41$aBritish Library$bHMNTS$jYK.1986.b.384$3[Another copy: paperback]
=852  11$aBritish Library$bHMNTS$kOPL$h345.0942$qCopy at OPL 345.0942. Missing$3[Another copy: paperback]
=957  \\$a860615p
=CAT  \\$aCONV$b00$c20040425$lBLL90$h0804
=CAT  \\$aCONV$b00$c20040502$lBLL01$h1451
=CAT  \\$aBATCH$b00$c20091122$lBLL01$h2346
=FIN  \\$aY
=LEO  \\$aMP5.0001004723
=LEO  \\$aMP13.0001604322
=SRC  \\$aBNB03$bbibmp5.200404.2.ab
=SRC  \\$aHSS01$bbibmp13.200404.2.ac
=LAS  \\$aBATCH$b00$c20091122$lBLL01$h2346

