=LDR  01878 am a2200601ua 4500
=001  012032574
=003  Uk
=005  20091217024800.0
=008  010226s2001\\\\enka\\\||\\\\\000\||eng\\
=010  \\$a99067501
=015  \\$aGB99W6899$2bnb
=019  y\$ab99W6899
=019  9\$a1853125083
=019  g\$aadv5003241623
=019  a\$aG05843737
=019  1\$a1853125083
=020  \\$a1853125083 :$c£94.00
=039  0\$a2631
=040  \\$aStDuBDS$dUk
=082  04$a620.1126$221
=245  00$aNonlinear fracture and damage mechanics /$cedited by M. H. Aliabadi.
=260  \\$aSouthampton :$bWIT,$cc2001.
=300  \\$a248p. :$bill. ;$c25cm.
=336  \\$atext$2rdacontent
=337  \\$aunmediated$2rdamedia
=338  \\$avolume$2rdacarrier
=490  1\$aAdvances in fracture mechanics ;$vv.4
=504  \\$aIncludes bibliographical references.
=598  \\$aPROV.RECORD
=650  \0$aFracture mechanics.
=650  \0$aNonlinear mechanics.
=650  \0$aFracture mechanics$xMathematical models.
=650  \0$aNonlinear mechanics$xMathematical models.
=700  1\$aAliabadi, M. H.
=830  \0$aAdvances in fracture mechanics ;$vv.4
=852  41$aBritish Library$bDSC$i0707.21
=852  41$aBritish Library$bHMNTS$jYK.2001.b.931
=945  \\$aAdvances in fracture mechanics ; v 4
=966  \\$lACQUIS 06/02/2002
=CAT  \\$aCONV$b00$c20040425$lBLL90$h0830
=CAT  \\$aCONV$b00$c20040502$lBLL01$h1454
=CAT  \\$aglobal_upd$b40$c20060417$lBLL01$h1341
=CAT  \\$aBATCH$b00$c20091123$lBLL01$h0033
=CAT  \\$aBATCH$b00$c20091217$lBLL01$h0248
=FIN  \\$aY
=FMT  \\$a  BK
=LAS  \\$aBATCH$b00$c20091217$lBLL01$h0248
=LEO  \\$aMP5.0001820070
=LEO  \\$aMP8.0001563196
=LEO  \\$aMP13.0002344393
=SRC  \\$aBNB03$bbibmp5.200404.2.ad
=SRC  \\$aDSC01$bbibmp8.200404.2.ac
=SRC  \\$aHSS01$bbibmp13.200404.2.ad

