=LDR  01772 am a2200541 a 4500
=001  012289174
=003  Uk
=005  20190423171526.0
=008  830325s1982\\\\enkab\\\|\\\\\000\|\eng\\
=015  \\$aGB8116853$2bnb
=019  y\$aB8116853
=019  9\$a0080276083
=019  a\$aG00146207
=020  \\$a0080275958 (pbk) :$cUnpriced
=020  \\$a0080276083 (cased) :$cUnpriced
=039  0\$a1734
=040  \\$aUk$cUk
=050  00$aTD898
=082  04$a621.48/38$218
=082  04$a621.48/38$219
=100  10$aLindblom, Ulf.
=245  10$aNuclear waste disposal :$bcan we rely on bedrock? /$cby Ulf Lindblom and Paul Gnirk.
=260  \\$aOxford :$bPergamon,$c1982.
=300  \\$avii, 60 pages :$billustrations (some colour), maps (some colour) ;$c20 x 21 cm.
=336  \\$atext$2rdacontent
=337  \\$aunmediated$2rdamedia
=338  \\$avolume$2rdacarrier
=597  \\$aDLC$b82131929 //r85
=650  \0$aNuclear power plants$xWaste disposal.
=650  \0$aSpent reactor fuels$xStorage.
=650  \0$aGroundwater flow.
=653  \\$aRadioactive waste materials$aDisposal within rock$aGeological aspects
=700  1\$aGnirk, Paul.
=852  41$aBritish Library$bDSC$m82/01701
=852  41$aBritish Library$bDSC$j83/16459
=CAT  \\$aCONV$b00$c20040425$lBLL90$h0545
=CAT  \\$aCONV$b00$c20040502$lBLL01$h1504
=CAT  \\$aglobal_upd$b40$c20060417$lBLL01$h1421
=CAT  \\$aBATCH$b00$c20091123$lBLL01$h0121
=CAT  \\$aBATCH-UPD$b00$c20180718$lBLL01$h1725
=CAT  \\$aW1903-0505$b00$c20190423$lBLL01$h1715
=FIN  \\$aY
=FMT  \\$a  BK
=LAS  \\$aW1903-0505$b00$c20190423$lBLL01$h1715
=LEO  \\$aMP5.0000547247
=LEO  \\$aMP8.0000032155
=SRC  \\$aBNB03$bbibmp5.200404.2.aa
=SRC  \\$aDSC01$bbibmp8.200404.2.aa

