=LDR  02500 am a2200661 u 4500
=001  012369387
=003  Uk
=005  20201124185308.0
=008  950728s1995\\\\nyua\\\\\b\\\\000\0\eng\\
=010  \\$a95037459
=019  g\$aadv5005339094
=019  a\$aG05593208
=020  \\$a1885254156
=040  \\$aDLC$cDLC$dDLC$dUk
=041  1\$aeng$afre$hfre
=042  \\$aukblsr
=043  \\$ae-gx---
=050  00$aNA1053.J4$bA35 1995
=082  00$a720.92$222
=100  0\$aLe Corbusier,$d1887-1965.
=240  10$aVoyages d'Allemagne.$lEnglish & French
=245  14$aLes voyages d'Allemagne :$bcarnets /$cCh.-E. Jeanneret, Le Corbusier ; [edited by Giuliano Gresleri].
=246  1\$iTitle from notebook facsims.:$aCarnet
=260  \\$aNew York :$bMonacelli Press,$c1995.
=300  \\$a5 v. :$bill. (some col.) ;$c18 cm.
=336  \\$atext$2rdacontent
=337  \\$aunmediated$2rdamedia
=338  \\$avolume$2rdacarrier
=500  \\$aTitle from Transcriptions vol.
=500  \\$aConsists of facsims. of the 4 carnets or notebooks of Le Corbusier's travels and a vol. of transcriptions in French with parallel English translation. Subsequent notebooks published under title: Voyage d'Orient.
=500  \\$aIssued in portfolio.
=500  \\$aSimultaneously published in English and Italian.
=504  \\$aIncludes bibliographical references.
=600  00$aLe Corbusier,$d1887-1965$vNotebooks, sketchbooks, etc.
=600  00$aLe Corbusier,$d1887-1965$xTravel$zGermany.
=700  1\$aGresleri, Giuliano.
=852  41$aBritish Library$bDSC$icarnet 2
=852  41$aBritish Library$bDSC$icarnet 3
=852  41$aBritish Library$bDSC$icarnet 4
=852  41$aBritish Library$bDSC$itranscriptions
=852  41$aBritish Library$bDSC$jX29/.6747$icarnet 1
=966  \\$uo$lACQUIS 18/02/2004
=985  \\$aUpgraded by BSS-generated file for WR2011-1473
=CAT  \\$aCONV$b00$c20040425$lBLL90$h0648
=CAT  \\$aCONV$b00$c20040502$lBLL01$h1507
=CAT  \\$a10746$b40$c20050603$lBLL01$h1058
=CAT  \\$a10746$b40$c20050603$lBLL01$h1115
=CAT  \\$aglobal_upd$b40$c20060417$lBLL01$h1442
=CAT  \\$aBATCH-UPD$b40$c20070724$lBLL01$h1202
=CAT  \\$aBATCH$b00$c20091210$lBLL01$h2300
=CAT  \\$aBATCH-UPD$b00$c20160229$lBLL01$h2058
=CAT  \\$aW2011-1473$b00$c20201124$lBLL01$h1853
=FIN  \\$aY
=FMT  \\$a  BK
=LAS  \\$aW2011-1473$b00$c20201124$lBLL01$h1853
=LEO  \\$aMP8.0001457645
=SID  \\$aZ39$bLOC
=SRC  \\$aDSC01$bbibmp8.200404.2.ab

