=LDR  03761 as a2200937 a 4500
=001  012406844
=003  Uk
=005  20180719144230.0
=007  ta
=008  020227c19969999lu\gr\p\\\s\\i0\\\a0eng\d
=010  \\$a2002238626
=019  c\$a2613281
=022  \\$a1831-4023
=035  \\$a(OCoLC)ocm49229378
=040  \\$aDAU-L$cDAU-L$dCU-S$dInU$dDLC$dUk
=042  \\$aukblsr
=043  \\$ae------
=050  00$aHC240.9.C6$bC663
=082  04$a658.834094$222
=222  \0$aConsumers in Europe
=245  00$aConsumers in Europe :$bfacts and figures.
=260  \\$aLuxembourg :$bOffice for Official Publications of the European Communities,$c2001-
=300  \\$av. :$bcol. ill., col. maps ;$c30 cm.
=310  \\$aBiennial,$b2005-
=336  \\$atext$2rdacontent
=337  \\$aunmediated$2rdamedia
=338  \\$avolume$2rdacarrier
=362  0\$a2001 ed. (data 1996/2000)-
=490  1\$a2001-2005: Theme 3--Population and social conditions
=490  1\$a2001-2005: Panorama of the European Union
=490  1\$a2007: Eurostat working papers. Population and social conditions
=490  1\$a2007- : Eurostat statistical books
=490  1\$a2009- : Theme--General and regional statistics
=500  \\$aSubtitle of 2007 ed. is "facts and figures on services of general interest"; subtitle dropped with 2009 ed.
=500  \\$aLatest issue consulted: 2009 ed.
=540  \\$aCurrent copyright fee: zero$c0$5Uk
=550  \\$aIssued by: Eurostat.
=650  \0$aConsumers$zEuropean Union countries$xStatistics$vPeriodicals.
=650  \0$aConsumer behavior$zEuropean Union countries$xStatistics$vPeriodicals.
=690  7\$aManagement and Business Studies$2blcoll
=710  2\$aStatistical Office of the European Communities.
=710  2\$aOffice for Official Publications of the European Communities.
=830  \0$aTheme 3--Population and social conditions.
=830  \0$aPanorama of the European Union.
=830  \0$aEurostat working papers.$pPopulation and social conditions.
=830  \0$aEurostat statistical books.
=830  \0$aTheme--General and regional statistics.
=852  71$aBritish Library$bSTI$2blsrissc$32001 (1996-2000)
=852  41$aBritish Library$bHMNTS$jEU 658.834094
=852  41$aBritish Library$bDSC$j3424.735250$32009
=945  \\$aConsumers in Europe facts and figures
=959  \\$fHeld but not currently received
=A02  \\$a2613281
=ACF  \\$aPrevious copyright fee: GBP5.00$c0$e01-jul-2002$fGBP5.00$g0$hA$5Uk
=ACF  \\$aPrevious copyright fee: GBP4.40$c0$e08-jan-2002$fGBP4.40$g0$hA$5Uk
=CAT  \\$aCONV$b00$c20040425$lBLL90$h0701
=CAT  \\$aCONV$b00$c20040502$lBLL01$h1508
=CAT  \\$c20041010$lBLL01$h2022
=CAT  \\$a8323$b40$c20071018$lBLL01$h0902
=CAT  \\$a8323$b40$c20071018$lBLL01$h0909
=CAT  \\$aBATCH-UPD$b40$c20080223$lBLL01$h2246
=CAT  \\$aBATCH-UPD$b40$c20080226$lBLL01$h0208
=CAT  \\$aBATCH-UPD$b40$c20080330$lBLL01$h0736
=CAT  \\$aBATCH-UPD$b40$c20080330$lBLL01$h1537
=CAT  \\$aBATCH$b00$c20080330$lBLL01$h2241
=CAT  \\$aBATCH$b00$c20090610$lBLL01$h1715
=CAT  \\$a8323$b40$c20091015$lBLL01$h1142
=CAT  \\$a8323$b40$c20091015$lBLL01$h1145
=CAT  \\$a9599$b40$c20091203$lBLL01$h1043
=CAT  \\$aBATCH$b00$c20091210$lBLL01$h2318
=CAT  \\$aBATCH-CLA$b00$c20121109$lBLL01$h1738
=CAT  \\$a6558$b40$c20180719$lBLL01$h1442
=CFI  0\$aCurrent copyright fee: zero$c0$e03-dec-2009$fGBP0.00$g0$hZ$5Uk
=CFI  2\$aPrevious copyright fee: GBP6.00$c0$e01-apr-2008$fGBP6.00$g0$hA$5Uk
=FIN  \\$aY
=FMT  \\$a  SE
=LAS  \\$a6558$b40$c20180719$lBLL01$h1442
=LEO  \\$aMP10.0000165351
=SID  \\$aZ39$bLOC
=SRC  \\$aDSS01$bbibmp10.200404.2.aa
=TCO  \\$aXXX$c008

