=LDR  01793 am a2200457 a 4500
=001  012454313
=003  Uk
=005  20100326090546.0
=008  030423m20022004ii\\\\\\\b\\\\100\0\eng\\
=019  1\$abld00L1374
=040  \\$aUk$beng$cUk$dUk
=042  \\$aukblsr
=245  00$aTraditional customs and rituals of Northeast India /$ceditor, P.C. Sarma.
=260  \\$aGuwahati :$bVivekananda Kendra Institute of Culture,$c2002-2004.
=300  \\$a2 v. ;$c22 cm.
=336  \\$atext$2rdacontent
=337  \\$aunmediated$2rdamedia
=338  \\$avolume$2rdacarrier
=500  \\$aRevised papers presented at various seminars organised by Vivekananda Kendra Institute of Culture, Guwahati from 1993 to 1998.
=504  \\$aIncludes bibliographical references.
=505  0\$av. 1. Arunachal Pradesh, Meghalaya, Manipur, Assam -- v. 2. Arunachal Pradesh, Tripura, Nagaland, Mizoram.
=650  \0$aRites and ceremonies$zIndia, Northeastern$vCongresses.
=651  \0$aIndia, Northeastern$xSocial life and customs$vCongresses.
=651  \0$aIndia, Northeastern$xCivilization$vCongresses.
=700  1\$aSarma, P. C.$q(Pradip Chandra)
=710  2\$aVivekananda Kendra Institute of Culture.
=852  41$aBritish Library$bOC$ivol. 2
=852  41$aBritish Library$bHMNTS$jYA.2003.a.16556
=957  \\$a030404p
=CAT  \\$aCONV$b00$c20040425$lBLL90$h0720
=CAT  \\$aCONV$b00$c20040502$lBLL01$h1509
=CAT  \\$aBATCH$b00$c20091123$lBLL01$h0138
=CAT  \\$aBATCH-UPD$b00$c20100212$lBLL01$h1911
=CAT  \\$a6989$b40$c20100325$lBLL01$h1640
=CAT  \\$a6989$b40$c20100325$lBLL01$h1648
=CAT  \\$a6989$b40$c20100326$lBLL01$h0905
=FIN  \\$aY
=FMT  \\$a  BK
=LAS  \\$a6989$b40$c20100326$lBLL01$h0905
=LEO  \\$aMP13.0000122028
=SRC  \\$aHSS01$bbibmp13.200404.2.aa

