=LDR  01584 am a2200469 a 4500
=001  012469037
=003  Uk
=005  20100521094754.0
=008  031217m20032006ii\\\\\\\\\\\\000\0\eng\\
=019  2\$abld00M8358
=020  \\$a812690271X (set)
=020  \\$a8126902698 (v. 1)
=020  \\$a8126902701 (v. 2)
=020  \\$a8126902876 (v. 3)
=020  \\$a8126906723 (v. 4)
=040  \\$aUk$beng$cUk$dUk
=245  00$aIndia-Pakistan relations with special reference to Kashmir /$cedited by K.R. Gupta.
=260  \\$aNew Delhi :$bAtlantic,$cc2003-c2006.
=300  \\$a4 v. ;$c23 cm.
=336  \\$atext$2rdacontent
=337  \\$aunmediated$2rdamedia
=338  \\$avolume$2rdacarrier
=651  \0$aIndia$xForeign relations$zPakistan.
=651  \0$aPakistan$xForeign relations$zIndia.
=651  \0$aPakistan$xMilitary relations$zIndia.
=651  \0$aIndia$xMilitary relations$zPakistan.
=651  \0$aJammu and Kashmir (India)$xHistory, Military.
=651  \0$aJammu and Kashmir (India)$xPolitics and government.
=700  1\$aGupta, Kulwant Rai,$d1933-
=852  41$aBritish Library$bOC$ivol. 4
=852  41$aBritish Library$bOC$jYD.2010.a.6127
=852  41$aBritish Library$bOC$jYA.2003.a.49758$ivols. 1-3
=957  \\$a031001p
=CAT  \\$aCONV$b00$c20040425$lBLL90$h0721
=CAT  \\$aCONV$b00$c20040502$lBLL01$h1509
=CAT  \\$aBATCH$b00$c20091123$lBLL01$h0145
=CAT  \\$a9665$b40$c20100521$lBLL01$h0947
=FIN  \\$aY
=FMT  \\$a  BK
=LAS  \\$a9665$b40$c20100521$lBLL01$h0947
=LEO  \\$aMP13.0000137585
=SRC  \\$aHSS01$bbibmp13.200404.2.aa

