=LDR  01861 am a2200469 a 4500
=001  012491768
=003  Uk
=005  20041105120442.0
=008  960417s1995\\\\enk\\\\||c\\\||||\||eng\\
=019  2\$aiole23834
=040  \\$aUk$cUk
=041  0\$aeng$bheb
=110  2\$aBritish Library.
=245  10$aJewish languages :$btexts printed in the Hebrew character : Judezmo, Judaeo-Arabic, Judaeo-Persian, Judaeo-English, Judaeo-French, Judaeo-Greek, Judaeo-Italian, Judaeo-Provençal, Karaite Tatar, Aramaic, Syriac (in the Hebrew character) : records from The British Library general catalogue.
=260  \\$c1995.
=300  \\$a1 v.
=336  \\$atext$2rdacontent
=337  \\$aunmediated$2rdamedia
=338  \\$avolume$2rdacarrier
=500  \\$a"Print-out from th automated BLC file (i.e. converted from The British Library general catalogue of printed books to 1975)".
=500  \\$aCompiled in the Hebrew Section, Oriental and India Office Collections.
=610  20$aBritish Library$vCatalogs.
=650  \0$aJewish literature$vBibliography$vCatalogs.
=710  2\$aBritish Library.$bHebrew Section.
=852  41$aBritish Library$bOC$jORW.1986.a.2708
=852  11$aBritish Library$bOC$cSPHOA$kORC HEB PBS 11
=886  2\$2blmarc$a967$b00$gx
=957  \\$andd
=CAT  \\$aCONV$b00$c20040425$lBLL90$h0730
=CAT  \\$aCONV$b00$c20040502$lBLL01$h1510
=CAT  \\$a1722$b40$c20041105$lBLL01$h1152
=CAT  \\$a1722$b40$c20041105$lBLL01$h1158
=CAT  \\$a1722$b40$c20041105$lBLL01$h1159
=CAT  \\$a1722$b40$c20041105$lBLL01$h1204
=CAT  \\$aUE-01$b00$c20050321$lBLL01$h1003
=CAT  \\$aBATCH$b00$c20091210$lBLL01$h2339
=CAT  \\$aBATCH-UPD$b00$c20200229$lBLL01$h1753
=FIN  \\$aY
=FMT  \\$a  BK
=LAS  \\$aBATCH-UPD$b00$c20200229$lBLL01$h1753
=LEO  \\$aMP13.0000493841
=SRC  \\$aHSS01$bbibmp13.200404.2.aa

