=LDR  02612 am a2200673 a 4500
=001  012501997
=003  Uk
=005  20091117174746.0
=008  971203m19929999np\ab\\\\b\\\\000\0\eng\\
=010  \\$a92908372
=019  2\$aiole35566
=040  \\$aUk$beng$cUk$dUk
=042  \\$aukblsr
=245  00$aPopulation and development in Nepal /$ceditor, Bal Kumar K.C. ; managing editors, Devendra Chhetri ... [et al.].
=246  1\$iTitle on v. 2:$aPopulation dynamics in Nepal and related issues of sustainable development
=246  1\$iTitle on v. 3:$aPopulation and development in Nepal : some issues
=260  \\$aKathmandu :$bCentral Dept. of Population Studies, Tribhuvan University,$c1992-
=300  \\$av. :$bill., maps ;$c24-25 cm.
=336  \\$atext$2rdacontent
=337  \\$aunmediated$2rdamedia
=338  \\$avolume$2rdacarrier
=500  \\$aSeminar papers.
=500  \\$aVols. 2-3: managing editors, Dhruba Das Ulak ... [et al.] ; v. 6-7: managing editor, Dhanendra Veer Shakya.
=504  \\$aIncludes bibliographical references.
=650  \0$aRural development$zNepal$vCongresses.
=651  \0$aNepal$xPopulation$vCongresses.
=700  1\$aChhetri, Devendra.
=700  1\$aKC, Bal Kumar,$d1946-
=700  1\$aShakya, Dhanendra Veer.
=700  1\$aUlak, Dhruba Das.
=710  2\$aTribhuvana Viśvavidyālaya.$bCentral Department of Population Studies.
=852  41$aBritish Library$bOC$jORW.1995.a.2047$ivol. 3
=852  41$aBritish Library$bOC$jYD.2009.a.8259$ivol. 6
=852  41$aBritish Library$bOC$jORW.1995.a.2046$ivol. 2
=852  41$aBritish Library$bOC$jORW.2000.a.1997$ivol. 4
=852  41$aBritish Library$bOC$jYD.2009.a.8260$ivol. 7
=852  41$aBritish Library$bOC$jORW.2000.a.1998$ivol. 5
=852  41$aBritish Library$bOC$jYD.2011.a.3770
=852  41$aBritish Library$bOC$iVol. 9
=852  41$aBritish Library$bOC$jORW.1995.a.2045$ivol. 1
=957  \\$a951115p
=957  \\$a000913p
=985  \\$aRecord amended for WR# 13/070
=CAT  \\$aCONV$b00$c20040425$lBLL90$h0731
=CAT  \\$aCONV$b00$c20040502$lBLL01$h1510
=CAT  \\$a6989$b40$c20091117$lBLL01$h1439
=CAT  \\$a6989$b40$c20091117$lBLL01$h1444
=CAT  \\$a6989$b40$c20091117$lBLL01$h1747
=CAT  \\$aBATCH$b00$c20091210$lBLL01$h2339
=CAT  \\$aWR13_070$b00$c20130504$lBLL01$h0230
=FIN  \\$aY
=FMT  \\$a  BK
=LAS  \\$aWR13_070$b00$c20130504$lBLL01$h0230
=LEO  \\$aMP13.0000505301
=LEO  \\$aMP13.0000505302
=LEO  \\$aMP13.0000505703
=LEO  \\$aMP13.0000061041
=LEO  \\$aMP13.0000061043
=SRC  \\$aHSS01$bbibmp13.200404.2.aa

