=LDR  01734 am a2200445ua 4500
=001  012506586
=003  Uk
=005  20091123020100.0
=008  990609s1984\\\\is\\\\\||b\\\\001\||heb\\
=010  \\$a84176674
=019  2\$aiole41048
=040  \\$aUk$cUk
=100  1\$aRiegler, Michael.
=245  10$aReshimat sefarim, maʾamarim ṿa-ʿavodot doḳṭor ʿal ha- ʿIvrit shel yamenu she-nikhtevu ʿIvrit ṿe-raʾu or be-Yiśraʾel ba-shanim 708-740 /$cʿarikhah, Ben-Tsiyon Fishler ; liḳuṭ u-miyun, Mikhaʾel Rigler ; miftuaḥ, Yoram Henleh.
=260  \\$aYerushalayim :$bha-Moʿatsah le-hanḥalat ha- lashon,$c1984.
=300  \\$axiv, 194 p. ;$c21 cm.
=336  \\$atext$2rdacontent
=337  \\$aunmediated$2rdamedia
=338  \\$avolume$2rdacarrier
=490  0\$aMin ha-sadna ;$v6
=500  \\$aIncludes index.
=500  \\$aSpine title: ʿAl ha-ʿIvrit shel yamenu.
=500  \\$aTitle on added t.p.: Hebrew books, articles, and doctoral theses on contemporary Hebrew published in Israel (1948-1980)
=650  \0$aHebrew language$vBibliography.
=700  1\$aFischler, Ben-Zion.
=730  0\$aʿAl ha-ʿIvrit shel yamenu.
=730  0\$aHebrew books, articles, and doctoral theses on contemporary Hebrew published in Israel (1948-1980)
=852  \\$aBritish Library$bOC$kOIC$h492.4
=852  41$aBritish Library$bOC$jHEC.1999.a.197
=886  2\$2blmarc$a967$b00$gx
=957  \\$a990515d
=958  \\$aOIC492.4
=CAT  \\$aCONV$b00$c20040425$lBLL90$h0731
=CAT  \\$aCONV$b00$c20040502$lBLL01$h1511
=CAT  \\$aBATCH$b00$c20091123$lBLL01$h0201
=FIN  \\$aY
=FMT  \\$a  BK
=LAS  \\$aBATCH$b00$c20091123$lBLL01$h0201
=LEO  \\$aMP13.0000510700
=SRC  \\$aHSS01$bbibmp13.200404.2.aa

