=LDR  01604 am a2200493uu 4500
=001  009613770
=003  Uk
=005  20110627145000.0
=008  040420s1971\\\\xxua\\\||b\\\\001\||eng\\
=FMT  \\$a  BK
=019  u\$aG11393069
=020  \\$a0807109401
=020  \\$c{dollar}8.50
=040  \\$aUk$cUk
=043  \\$an-us-la
=050  00$aHV9475.L2
=082  04$a365/.9/763
=100  1\$aCarleton, Mark T.
=245  10$aPolitics and punishment :$bthe history of the Louisiana State penal system /$c[by] Mark T. Carleton.
=260  \\$aBaton Rouge :$bLouisiana State University Press,$c[1971]
=300  \\$axii, 215 p. :$billus. ;$c23 cm.
=336  \\$atext$2rdacontent
=337  \\$aunmediated$2rdamedia
=338  \\$avolume$2rdacarrier
=504  \\$aBibliography: p. 200-207.
=650  \0$aPrisons$zLouisiana$xHistory.
=690  7\$aSocial Welfare$2blcoll
=852  4\$aBritish Library$bDSC$jA71/6332
=852  4\$aBritish Library$bDSC$xA71/6332
=852  41$aBritish Library$bDSC$jA71/6332
=CAT  \\$aCONV$b00$c20040425$lBLL90$h0911
=CAT  \\$aCONV$b00$c20040502$lBLL01$h1331
=CAT  \\$aglobal_upd$b40$c20060417$lBLL01$h0835
=CAT  \\$aUCB-HOL$b00$c20070921$lBLL01$h1610
=CAT  \\$aBATCH$b00$c20070921$lBLL01$h1914
=CAT  \\$aBATCH$b00$c20071123$lBLL01$h0105
=CAT  \\$aBATCH$b00$c20091209$lBLL01$h2226
=CAT  \\$aBATCH$b00$c20110625$lBLL01$h0414
=CAT  \\$aBATCH-SWP4$c20110627$lBLL01$h1450
=FIN  \\$aY
=LEO  \\$aMP34.0000512380
=SRC  \\$aUCB01$bbibmp34.200404.2.aa
=SRC  \\$aUCB 2007
=LAS  \\$aBATCH-SWP4$b00$c20110627$lBLL01$h1450

