=LDR  04186cas a2200973 a 4500
=001  009840182
=003  Uk
=005  20221231192453.0
=007  ta
=008  040409d198u2001enkar\\\\\\\\\0\\\a0eng\\
=FMT  \\$a  SE
=019  c\$a2323177
=040  \\$aUk$beng$cUk$dUk
=042  \\$aukblsr
=082  04$a338.4764130941$222
=110  20$aFood from Britain (Organization)
=245  10$aAnnual report /$cFood from Britain.
=260  \\$a[London] :$bFood from Britain
=300  \\$av. :$bill. (some col.), col. maps, ports. (some col.) ;$c30 cm.
=310  \\$aAnnual
=336  \\$atext$2rdacontent
=337  \\$aunmediated$2rdamedia
=338  \\$avolume$2rdacarrier
=362  1\$aBegan with 1983/84 report?
=362  0\$a-2000/2001.
=595  \\$aSEE ALSO OFFICIAL PUBLICATIONS CH.
=500  \\$aDescription based on: 1985/86 report.
=500  \\$aLatest issue consulted: 2000/2001.
=540  \\$aCurrent Copyright Fee: GBP25.00$c0$5Uk
=610  20$aFood from Britain (Organization)$vPeriodicals.
=610  20$aFood from Britain (Organization)$xFinance$vPeriodicals.
=650  \0$aFood industry and trade$zGreat Britain$vPeriodicals.
=650  \0$aFood industry and trade$xMarketing$zGreat Britain$vPeriodicals.
=690  7\$aManagement and Business Studies$2blcoll
=785  00$aFood from Britain (Organization).$tAnnual report & accounts
=852  11$aBritish Library$bSTI$cBIPC$kTrade Literature Collection$31992/1993-
=852  41$aBritish Library$bDSC$j1253.350000$31985/1986 *A=1
=945  \\$aANNUAL REPORT- FOOD FROM BRITAIN.
=959  \\$fHeld but not currently received
=A02  \\$a2323177
=CAT  \\$aCONV$b00$c20040425$lBLL90$h0658
=CAT  \\$aBATCH-UPD$b00$c20100331$lBLL01$h2150
=CAT  \\$aBATCH-UPD$b00$c20100401$lBLL01$h0124
=CAT  \\$aBATCH$b00$c20100401$lBLL01$h0428
=CAT  \\$aBATCH$b00$c20100401$lBLL01$h1445
=CAT  \\$aBATCH-UPD$b00$c20101124$lBLL01$h1825
=CAT  \\$aBATCH-UPD$b00$c20101125$lBLL01$h1045
=CAT  \\$aIPL-CLA$c20101231$lBLL01$h1313
=CAT  \\$aWR11_203$c20111204$lBLL01$h1348
=CAT  \\$aIPL-CLA$c20111230$lBLL01$h1813
=CAT  \\$aBATCH-CLA$b00$c20121104$lBLL01$h0959
=CAT  \\$aWR13.005$c20130323$lBLL01$h1345
=CAT  \\$aBATCH-CLA$c20131217$lBLL01$h1832
=CAT  \\$aIPL-CLA$c20131231$lBLL01$h2031
=CAT  \\$aBATCH-UPD$b00$c20160923$lBLL01$h2004
=CAT  \\$aBATCH-CLA$b00$c20161222$lBLL01$h1723
=CAT  \\$aIPL-CLA$c20161230$lBLL01$h1915
=CAT  \\$aBATCH-CLA$b00$c20171222$lBLL01$h2024
=CAT  \\$aIPL-CLA$c20171231$lBLL01$h1448
=CAT  \\$aBATCH-CLA$b00$c20191219$lBLL01$h1648
=CAT  \\$aIPL-CLA$c20191231$lBLL01$h1807
=CAT  \\$aR2001-1524$c20200127$lBLL01$h1937
=CAT  \\$aBATCH-CLA$b00$c20201204$lBLL01$h1445
=CAT  \\$aIPL-CLA$c20201231$lBLL01$h2011
=CAT  \\$aBATCH-CLA$b00$c20221221$lBLL01$h1751
=CAT  \\$aIPL-CLA$c20221231$lBLL01$h1924
=CFI  0\$aCurrent Copyright Fee: GBP25.00$c0$e01-jan-2023$fGBP25.00$g0$hA$5Uk
=CFI  2\$aPrevious Copyright Fee: GBP22.50$c0$e01-jan-2021$fGBP22.50$g0$hA$5Uk
=FIN  \\$aY
=LEO  \\$aMP10.0000058749
=SRC  \\$aDSS01$bbibmp10.200404.2.aa
=TCO  \\$aCLA$bCLA$c008
=ACF  \\$aPrevious copyright fee: GBP9.00$c0$e01-apr-2010$fGBP9.00$g0$hA$5Uk
=ACF  \\$aPrevious copyright fee: GBP6.00$c0$e01-apr-2008$fGBP6.00$g0$hA$5Uk
=ACF  \\$aPrevious copyright fee: GBP5.00$c0$e01-jul-2002$fGBP5.00$g0$hA$5Uk
=ACF  \\$aCurrent copyright fee: GBP4.40$c0$e01-jul-1998$fGBP4.40$g0$hA$5Uk
=ACF  \\$aCurrent copyright fee: GBP4.20$c0$e01-apr-1997$fGBP4.20$g0$hA$5Uk
=ACF  \\$aPrevious copyright fee: GBP10.50$c0$e01-jan-2011$fGBP10.50$g0$hA$5Uk
=ACF  \\$aPrevious copyright fee: GBP12.00$c0$e01-jan-2012$fGBP12.00$g0$hA$5Uk
=ACF  \\$aPrevious Copyright Fee: GBP12.30$c0$e01-jan-2014$fGBP12.30$g0$hA$5Uk
=ACF  \\$aPrevious Copyright Fee: GBP15.00$c0$e01-jan-2017$fGBP15.00$g0$hA$5Uk
=ACF  \\$aPrevious Copyright Fee: GBP17.50$c0$e01-jan-2018$fGBP17.50$g0$hA$5Uk
=ACF  \\$aPrevious Copyright Fee: GBP20.00$c0$e01-jan-2020$fGBP20.00$g0$hA$5Uk
=LAS  \\$aIPL-CLA$b00$c20221231$lBLL01$h1924

