=LDR  03980cas a2200877 a 4500
=001  009862467
=003  Uk
=005  20201124183840.0
=007  ta
=008  020524c19869999lu\ar\p\\\s\\i0\\\a0eng\d
=FMT  \\$a  SE
=010  \\$a2004238441
=019  c\$a3013974
=022  0\$a1680-3469
=035  \\$a(OCoLC)ocm49864644
=040  \\$aLDL$cLDL$dOCLCQ$dCUS$dIUL$dUk
=041  0\$aeng$afre$ager
=042  \\$aukblsr
=043  \\$aew-----
=050  14$aHD9525.E79$bI58
=082  04$a338.43669142$222
=222  \0$aDie Investitionen in den Kohle- und Stahlindustrien der Gemeinschaft
=245  04$aDie Investitionen in den Kohle- und Stahlindustrien der Gemeinschaft /$cEuropäische Gemeinschaft für Kohle und Stahl = Investment in the Community coal and steel industries / European Coal and Steel Community = Les investissements dans les industries du charbon et de l'acier de la Communauté / Communauté européenne du charbon et de l'acier.
=246  31$aInvestment in the Community coal and steel industries
=246  31$aInvestissements dans les industries du charbon et de l'acier de la Communauté
=246  14$aEGKS Investitionen
=246  14$aECSC investments
=246  14$aCECA investissements
=246  0\$iVols. for <2001-> have German subtitle:$aBericht über die Erhebung ...
=246  0\$iVols. for <2001-> have English subtitle:$aReport on the ... survey
=246  0\$iVols. for <2001-> have French subtitle:$aRapport sur l'enquête ...
=260  \\$aLuxembourg :$bOffice for Official Publications of the European Communities,$c1986-
=300  \\$av. :$bill. ;$c30 cm.
=310  \\$aAnnual
=336  \\$atext$2rdacontent
=337  \\$aunmediated$2rdamedia
=338  \\$avolume$2rdacarrier
=362  0\$a1985-
=500  \\$aLatest issue consulted: 2002.
=540  \\$aCurrent copyright fee: zero$c0$5Uk
=595  \\$aFORMERLY 4560.9 UP TO 1999.
=530  \\$aAlso available via the World Wide Web.
=546  \\$aEnglish, French, and German.
=650  \0$aIron industry and trade$zEuropean Union countries$vStatistics$vPeriodicals.
=650  \0$aSteel industry and trade$zEuropean Union countries$vStatistics$vPeriodicals.
=650  \0$aCoal trade$zEuropean Union countries$xFinance$vStatistics$vPeriodicals.
=650  \0$aInvestments$zEuropean Union countries$vStatistics$vPeriodicals.
=690  7\$aManagement and Business Studies$2blcoll
=710  2\$aEuropean Coal and Steel Community.
=780  00$tInvestment in the Community coalmining and iron and steel industries$x0069-6757
=852  41$aBritish Library$bHMNTS$jUNP.127/67$31985-1987
=852  71$aBritish Library$bSTI$2blsrissc$32002
=852  41$aBritish Library$bDSC$j4560.875000$3(2002)***UKRR-Excluded-Not Selected***Earlier issues held at 4560.900000
=945  \\$aINVESTMENT IN THE COMMUNITY COAL AND STEEL INDUSTRIES
=959  \\$fHeld but not currently received
=985  \\$aUpgraded by BSS-generated file for WR2011-1473
=A02  \\$a3013974
=CAT  \\$aCONV$b00$c20040425$lBLL90$h0704
=CAT  \\$aCONV$b00$c20040502$lBLL01$h1341
=CAT  \\$c20041009$lBLL01$h2001
=CAT  \\$a7164$b40$c20061014$lBLL01$h1204
=CAT  \\$a8323$b40$c20071030$lBLL01$h1140
=CAT  \\$aBATCH$b00$c20090619$lBLL01$h1805
=CAT  \\$aBATCH$b00$c20091209$lBLL01$h2346
=CAT  \\$aBATCH$b00$c20091214$lBLL01$h0538
=CAT  \\$aBATCH$b00$c20091216$lBLL01$h0134
=CAT  \\$aWR13.005$c20130323$lBLL01$h1355
=CAT  \\$aW2011-1473$b00$c20201124$lBLL01$h1838
=CFI  0\$aCurrent copyright fee: zero$c0$e26-mar-2003$fGBP0.00$g0$hZ$5Uk
=FIN  \\$aY
=LEO  \\$aMP10.0000301517
=LKR  \\$aPAR$b009862468$lBLL01$r78000$mDie Investitionen in den Kohle- und Stahlindustrien der Gemeinschaft$nInvestment in the Community coalmining and iron and steel industries.
=SID  \\$aZ39$bLOC
=SRC  \\$aDSS01$bbibmp10.200404.2.aa
=TCO  \\$aXXX$c008
=LAS  \\$aW2011-1473$b00$c20201124$lBLL01$h1838

