=LDR  10524cas a22020897a 4500
=001  009875267
=003  Uk
=005  20230210005111.0
=007  ta
=008  881018c19509999enkwu\p\\\\\\\0\\\a0eng\\
=FMT  \\$a  SE
=019  c\$a2155816
=019  n\$aNLC0022850
=022  0\$a0037-4164$202
=040  \\$aUk$cUk$dUk
=042  \\$aukblsr$aissnuk
=082  \\$a799.094105$222$qUK-WkNB
=130  0\$aShooting times & country magazine (London, England : 1950)
=210  0\$aShoot. times ctry. mag.
=222  \0$aShooting times & country magazine
=245  10$aShooting times & country magazine.
=246  3\$aShooting times and Country magazine
=260  \\$aWindsor :$bBurlington Publishing
=264  31$32014-$aLondon :$bTime Inc. (UK) Ltd
=336  \\$atext$2rdacontent
=337  \\$aunmediated$2rdamedia
=338  \\$avolume$2rdacarrier
=588  \\$aLatest issue consulted: 24th September 2014.
=595  \\$aFORMERLY 8268.26 UP TO NO. 3530, 1950.
=540  \\$aCurrent Copyright Fee: GBP25.00$c0$5Uk
=780  00$tShooting times and British sportsman
=852  41$31975$aBritish Library$bHMNTS$jLOU.819-22 [1975]
=852  41$31976$aBritish Library$bHMNTS$jLOU.1239-1239C [1976]
=852  41$31977$aBritish Library$bHMNTS$jLOU.742 [1977]
=852  41$31978$aBritish Library$bHMNTS$jLOU.109 [1978]
=852  41$31979$aBritish Library$bHMNTS$jLOU.4320-3 [1979]
=852  41$31980$aBritish Library$bHMNTS$jLOU.4719-21 [1980]
=852  41$31981$aBritish Library$bHMNTS$jLOU.3479-81 [1981]
=852  41$31982$aBritish Library$bHMNTS$jLOU.3742-5 [1982]
=852  41$31983$aBritish Library$bHMNTS$jLOU.4124-6 [1983]
=852  41$31984$aBritish Library$bHMNTS$jLOU.92-4 [1984]
=852  41$31985$aBritish Library$bHMNTS$jLOU.805-8 [1985]
=852  41$31986$aBritish Library$bHMNTS$jLOU.449-51 [1986]
=852  41$31987$aBritish Library$bHMNTS$jLOU.909-11 [1987]
=852  41$31988$aBritish Library$bHMNTS$jLOU.39-41 [1988]
=852  41$31989$aBritish Library$bHMNTS$jLOU.612-5 [1989]
=852  41$31990$aBritish Library$bHMNTS$jLOU.1043-5 [1990]
=852  41$31991$aBritish Library$bHMNTS$jLOU.265-7 [1991]
=852  41$31992$aBritish Library$bHMNTS$jLOU.685-7 [1992]
=852  41$31993$aBritish Library$bHMNTS$jLOU.420-2 [1993]
=852  41$31994$aBritish Library$bHMNTS$jLOU.600-2 [1994]
=852  41$31995$aBritish Library$bHMNTS$jLOU.1214-7 [1995]
=852  41$31996$aBritish Library$bHMNTS$jLOU.963-6 [1996]
=852  41$31997$aBritish Library$bHMNTS$jLOU.931-3 [1997]
=852  41$31998$aBritish Library$bHMNTS$jLOU.607-8 [1998]
=852  41$31999$aBritish Library$bHMNTS$jLOU.446-7 [1999]
=852  41$32000$aBritish Library$bHMNTS$jLOU.7-8 [2000]
=852  41$32001$aBritish Library$bHMNTS$jLOU.54-5 [2001]
=852  41$32002$aBritish Library$bHMNTS$jLOU.282-3 [2002]
=852  41$32003$aBritish Library$bHMNTS$jLOU.9-10 [2003]
=852  41$32004$aBritish Library$bHMNTS$jLOU.612-3 [2004]
=852  41$32005$aBritish Library$bHMNTS$jLOU.293-4 [2005]
=852  41$31961$aBritish Library$bHMNTS$jLOU.727 [1961]
=852  41$31962$aBritish Library$bHMNTS$jLOU.2354 [1962]
=852  41$31963$aBritish Library$bHMNTS$jLOU.2216-7 [1963]
=852  41$31964$aBritish Library$bHMNTS$jLOU.1587-8 [1964]
=852  41$31965$aBritish Library$bHMNTS$jLOU.2372-3 [1965]
=852  41$31966$aBritish Library$bHMNTS$jLOU.892-3 [1966]
=852  41$31967$aBritish Library$bHMNTS$jLOU.2071-2 [1967]
=852  41$31968$aBritish Library$bHMNTS$jLOU.484-6 [1968]
=852  41$31969$aBritish Library$bHMNTS$jLOU.1243-5 [1969]
=852  41$31970$aBritish Library$bHMNTS$jLOU.2916-8 [1970]
=852  41$31971$aBritish Library$bHMNTS$jLOU.2314-7 [1971]
=852  41$31972$aBritish Library$bHMNTS$jLOU.1883-5 [1972]
=852  41$31973$aBritish Library$bHMNTS$jLOU.1337B [1973]
=852  41$31974$aBritish Library$bHMNTS$jLOU.2414-6 [1974]
=852  41$32006$aBritish Library$bHMNTS$jLOU.237-8 [2006]
=852  41$32007$aBritish Library$bHMNTS$jLOU.488-90 [2007]
=852  41$aBritish Library$bHMNTS$cLON$3No. 3521 (13 May 1950)-
=852  41$32008$aBritish Library$bHMNTS$jLOU.377-8 [2008]
=852  41$31950$aBritish Library$bHMNTS$jLOU.LON 127 [1950]
=852  41$31951$aBritish Library$bHMNTS$jLOU.LON 220 [1951]
=852  41$31952$aBritish Library$bHMNTS$jLOU.LON 469 [1952]
=852  41$31953$aBritish Library$bHMNTS$jLOU.LON 97 [1953]
=852  41$31954$aBritish Library$bHMNTS$jLOU.LON 89 [1954]
=852  41$31955$aBritish Library$bHMNTS$jLOU.LON 301 [1955]
=852  41$31956$aBritish Library$bHMNTS$jLOU.LON 448 [1956]
=852  41$31957$aBritish Library$bHMNTS$jLOU.LON 290 [1957]
=852  41$31958$aBritish Library$bHMNTS$jLOU.LON 618 [1958]
=852  41$31959$aBritish Library$bHMNTS$jLOU.LON 409 [1959]
=852  41$31960$aBritish Library$bHMNTS$jLOU.LON 586 [1960]
=852  41$32009$aBritish Library$bHMNTS$jLOU.541-2 [2009]
=852  41$aBritish Library$bDSC$j8268.280000
=852  41$aBritish Library$bHMNTS$jREG2342$3Jan. (2010)-
=945  \\$aSHOOTING TIMES AND COUNTRY MAGAZINE.
=959  \\$fHeld but not currently received
=963  \\$aNO. 4548, 1970- *A=1$bN$cL418.B.12
=985  \\$aCorrected by MS generated file for WR# 12.018
=A02  \\$a2155816
=CAT  \\$aCONV$b00$c20040425$lBLL90$h0710
=CAT  \\$aBATCH-CLA$b00$c20120531$lBLL01$h1714
=CAT  \\$aIPL-CLA$c20120629$lBLL01$h1007
=CAT  \\$aWR12_095$c20120629$lBLL01$h1840
=CAT  \\$aBLSS-CORR$b00$c20120724$lBLL01$h1757
=CAT  \\$aBATCH-CLA$b00$c20120831$lBLL01$h1542
=CAT  \\$aIPL-CLA$c20120930$lBLL01$h2030
=CAT  \\$aBATCH-CLA$b00$c20121105$lBLL01$h1751
=CAT  \\$aWR13.005$c20130323$lBLL01$h1401
=CAT  \\$aNPL-LOCK$b77$c20140207$lBLL01$h2149
=CAT  \\$aNPL-UNLOCK$b00$c20140216$lBLL01$h0847
=CAT  \\$a8124$b40$c20141106$lBLL01$h1243
=CAT  \\$aBATCH-CLA$b00$c20150227$lBLL01$h1623
=CAT  \\$aIPL-CLA$c20150331$lBLL01$h1624
=CAT  \\$aBATCH-CLA$b00$c20161130$lBLL01$h1633
=CAT  \\$aIPL-CLA$c20161230$lBLL01$h1926
=CAT  \\$aBATCH-CLA$b00$c20171130$lBLL01$h1711
=CAT  \\$aIPL-CLA$c20171231$lBLL01$h1457
=CAT  \\$aBATCH-CLA$b00$c20191129$lBLL01$h1621
=CAT  \\$aIPL-CLA$c20191231$lBLL01$h1815
=CAT  \\$aBATCH-CLA$b00$c20201126$lBLL01$h1413
=CAT  \\$aIPL-CLA$c20201231$lBLL01$h2021
=CAT  \\$aBATCH-CLA$b00$c20221130$lBLL01$h1438
=CAT  \\$aIPL-CLA$c20221231$lBLL01$h1931
=CAT  \\$aBATCH-CLA$b00$c20230209$lBLL01$h1525
=CAT  \\$aIPL-CLA$c20230210$lBLL01$h0051
=CFI  0\$aCurrent Copyright Fee: GBP25.00$c0$e09-feb-2023$fGBP25.00$g0$hC$5Uk
=CFI  2\$aBritish Library not licensed to copy$c0$e01-jan-2023$hC$iCFP Excluded$5Uk
=FIN  \\$aY
=LEO  \\$aMP35.0000122495.6
=LEO  \\$aMP22.0000001978
=LEO  \\$aMP10.0000534079
=SRC  \\$aNPLv17$bbibmp35.20070831.aa
=SRC  \\$aISN01$bbibmp22.200404.2.aa
=SRC  \\$aDSS01$bbibmp10.200404.2.aa
=TCO  \\$aCLA$bCLA$c008
=ACF  \\$aPrevious Copyright Fee: GBP12.00$c0$e01-apr-2012$fGBP12.00$g0$hC$5Uk
=ACF  \\$aPrevious Copyright Fee: GBP12.00$c0$e01-jan-2012$fGBP12.00$g0$hC$5Uk
=ACF  \\$aPrevious Copyright Fee: GBP10.50$c0$e01-oct-2011$fGBP10.50$g0$hC$5Uk
=ACF  \\$aPrevious Copyright Fee: GBP10.50$c0$e01-jul-2011$fGBP10.50$g0$hC$5Uk
=ACF  \\$aPrevious Copyright Fee: GBP10.50$c0$e01-apr-2011$fGBP10.50$g0$hC$5Uk
=ACF  \\$aPrevious Copyright Fee: GBP10.50$c0$e01-jan-2011$fGBP10.50$g0$hC$5Uk
=ACF  \\$aPrevious Copyright Fee: GBP9.00$c0$e01-oct-2010$fGBP9.00$g0$hC$5Uk
=ACF  \\$aPrevious Copyright Fee: GBP9.00$c0$e01-jul-2010$fGBP9.00$g0$hC$5Uk
=ACF  \\$aPrevious Copyright Fee: GBP9.00$c0$e01-apr-2010$fGBP9.00$g0$hC$5Uk
=ACF  \\$aPrevious Copyright Fee: GBP9.00$c0$e01-Jan-2010$fGBP9.00$g0$hC$5Uk
=ACF  \\$aPrevious Copyright Fee: GBP6.00$c0$e01-oct-2009$fGBP6.00$g0$hC$5Uk
=ACF  \\$aPrevious Copyright Fee: GBP6.00$c0$e01-jul-2009$fGBP6.00$g0$hC$5Uk
=ACF  \\$aPrevious Copyright Fee: GBP6.00$c0$e01-apr-2009$fGBP6.00$g0$hC$5Uk
=ACF  \\$aPrevious Copyright Fee: GBP6.00$c0$e01-jan-2009$fGBP6.00$g0$hC$5Uk
=ACF  \\$aPrevious Copyright Fee: GBP6.00$c0$e01-oct-2008$fGBP6.00$g0$hC$5Uk
=ACF  \\$aPrevious Copyright Fee: GBP6.00$c0$e01-jul-2008$fGBP6.00$g0$hC$5Uk
=ACF  \\$aPrevious Copyright Fee: GBP6.00$c0$e01-apr-2008$fGBP6.00$g0$hC$5Uk
=ACF  \\$aPrevious Copyright Fee: GBP6.00$c0$e01-jan-2008$fGBP6.00$g0$hC$5Uk
=ACF  \\$aPrevious Copyright Fee: GBP5.00$c0$e01-oct-2007$fGBP5.00$g0$hC$5Uk
=ACF  \\$aPrevious Copyright Fee: GBP5.00$c0$e01-jul-2007$fGBP5.00$g0$hC$5Uk
=ACF  \\$aPrevious Copyright Fee: GBP5.00$c0$e01-apr-2007$fGBP5.00$g0$hC$5Uk
=ACF  \\$aPrevious Copyright Fee: GBP5.00$c0$e01-jan-2007$fGBP5.00$g0$hC$5Uk
=ACF  \\$aPrevious Copyright Fee: GBP5.00$c0$e01-oct-2006$fGBP5.00$g0$hC$5Uk
=ACF  \\$aPrevious Copyright Fee: GBP5.00$c0$e01-jul-2006$fGBP5.00$g0$hC$5Uk
=ACF  \\$aPrevious Copyright Fee: GBP5.00$c0$e01-apr-2006$fGBP5.00$g0$hC$5Uk
=ACF  \\$aPrevious Copyright Fee: GBP5.00$c0$e01-jan-2006$fGBP5.00$g0$hC$5Uk
=ACF  \\$aPrevious Copyright Fee: GBP5.00$c0$e01-oct-2005$fGBP5.00$g0$hC$5Uk
=ACF  \\$aPrevious Copyright Fee: GBP5.00$c0$e01-jul-2005$fGBP5.00$g0$hC$5Uk
=ACF  \\$aPrevious Copyright Fee: GBP5.00$c0$e01-apr-2005$fGBP5.00$g0$hC$5Uk
=ACF  \\$aPrevious Copyright Fee: GBP5.00$c0$e01-jan-2005$fGBP5.00$g0$hC$5Uk
=ACF  \\$aPrevious Copyright Fee: GBP5.00$c0$e01-oct-2004$fGBP5.00$g0$hC$5Uk
=ACF  \\$aPrevious copyright fee: GBP5.00$c0$e01-jul-2002$fGBP5.00$g0$hA$5Uk
=ACF  \\$aCurrent copyright fee: GBP4.40$c0$e01-jul-1998$fGBP4.40$g0$hA$5Uk
=ACF  \\$aCurrent copyright fee: GBP4.20$c0$e01-apr-1997$fGBP4.20$g0$hA$5Uk
=ACF  \\$aPrevious Copyright Fee: GBP12.00$c0$e01-jul-2012$fGBP12.00$g0$hC$5Uk
=ACF  \\$aPrevious Copyright Fee: GBP12.00$c0$e01-oct-2012$fGBP12.00$g0$hC$5Uk
=ACF  \\$aPrevious Copyright Fee: GBP12.30$c0$e01-apr-2015$fGBP12.30$g0$hC$5Uk
=ACF  \\$aPrevious Copyright Fee: GBP15.00$c0$e01-jan-2017$fGBP15.00$g0$hC$5Uk
=ACF  \\$aPrevious Copyright Fee: GBP17.50$c0$e01-jan-2018$fGBP17.50$g0$hC$5Uk
=ACF  \\$aPrevious Copyright Fee: GBP20.00$c0$e01-jan-2020$fGBP20.00$g0$hC$5Uk
=ACF  \\$aPrevious Copyright Fee: GBP22.50$c0$e01-jan-2021$fGBP22.50$g0$hC$5Uk
=LAS  \\$aIPL-CLA$b00$c20230210$lBLL01$h0051

