=LDR  03094 am a2200913 u 4500
=001  009906567
=003  Uk
=005  20110314172354.0
=008  000208m19992010enka\\\\\b\\\|001\0\eng\\
=FMT  \\$a  BK
=010  \\$a98055768
=015  \\$aGBA012652$2bnb
=016  7\$a009906567$2Uk
=019  y\$abA012652
=019  9\$abA012652
=019  1\$abA012652
=020  \\$a9780262194273 (v. 1 : cased)
=020  \\$a0262194279 (v. 1 : cased)
=020  \\$a0262693119 (v. 1 : pbk.)
=020  \\$a9780262194280 (v. 2 : cased)
=020  \\$a0262194287 (v. 2 : cased)
=020  \\$a0262693127 (v. 2 : pbk.)
=020  \\$a9780262013208 (v. 3 : cased)
=020  \\$a0262013207 (v. 3 : cased)
=039  0\$a2579
=040  \\$aDLC$cDLC$dUk
=042  \\$aukblsr
=082  04$a332.4$222
=100  1\$aShubik, Martin.
=245  14$aThe theory of money and financial institutions /$cMartin Shubik.
=260  \\$aCambridge, Mass. ;$aLondon :$bMIT Press,$cc1999-c2010.
=300  \\$a3 v. :$bill. ;$c24 cm.
=336  \\$atext$2rdacontent
=337  \\$aunmediated$2rdamedia
=338  \\$avolume$2rdacarrier
=504  \\$aIncludes bibliographical references and indexes.
=650  \0$aMoney.
=650  \0$aFinancial institutions.
=650  \0$aGame theory.
=690  7\$aManagement and Business Studies$2blcoll
=852  41$aBritish Library$bDSC$jm11/.12483$ivol. 3
=852  41$aBritish Library$bHMNTS$jYC.2005.a.1954$ivol. 2
=852  41$aBritish Library$bHMNTS$ivol. 2
=852  41$aBritish Library$bHMNTS$jYC.2005.a.1846$ivol. 1
=852  41$aBritish Library$bHMNTS$jYC.2000.a.2038$ivol. 1
=852  41$aBritish Library$bHMNTS$jYC.2011.a.4945
=852  41$aBritish Library$bDSC$jm00/27783$ivol. 1
=852  41$aBritish Library$bDSC$jm00/27784$ivol. 2
=966  \\$lACQUIS 05/06/00
=CAT  \\$aCONV$b00$c20040425$lBLL90$h0723
=CAT  \\$a11250$b40$c20050412$lBLL01$h1415
=CAT  \\$a11250$b40$c20050412$lBLL01$h1416
=CAT  \\$a11250$b40$c20050412$lBLL01$h1425
=CAT  \\$a11250$b40$c20050412$lBLL01$h1431
=CAT  \\$a10746$b40$c20050414$lBLL01$h1639
=CAT  \\$a10746$b40$c20050414$lBLL01$h1640
=CAT  \\$aglobal_upd$b40$c20060417$lBLL01$h0925
=CAT  \\$aBATCH$b00$c20090619$lBLL01$h1805
=CAT  \\$aBATCH$b00$c20091209$lBLL01$h2356
=CAT  \\$aBATCH$b00$c20110308$lBLL01$h1539
=CAT  \\$aBATCH$b00$c20110308$lBLL01$h2132
=CAT  \\$a6989$b40$c20110314$lBLL01$h1723
=CAT  \\$aBATCH-UPD$b40$c20141112$lBLL01$h1707
=CAT  \\$aWR16_021$c20160609$lBLL01$h1954
=CAT  \\$aBATCH-UPD$b00$c20160618$lBLL01$h1755
=FIN  \\$aY$d20050412
=LDO  \\$aCIP
=LEO  \\$aMP8.0001635567
=LEO  \\$aMP8.0001635566
=LEO  \\$aMP5.0001452821
=LEO  \\$aMP13.0000225037
=LEO  \\$aMP5.0000105627
=LEO  \\$aMP5.0000105626
=SRC  \\$aLDS01$bbiblm.200404.2.aa
=SRC  \\$aDSC01$bbibmp8.200404.2.ac
=SRC  \\$aBNB03$bbibmp5.200404.2.ac
=SRC  \\$aBNB03$bbibmp5.200404.2.aa
=SRC  \\$aHSS01$bbibmp13.200404.2.aa
=LAS  \\$aBATCH-UPD$b00$c20160618$lBLL01$h1755

