=LDR  06027 am a2201237 a 4500
=001  009910417
=003  Uk
=005  20060627155407.0
=007  hd|afv|||baca
=008  990810m19979999enka\\\\a\\\\\001\0\eng\\
=FMT  \\$a  BK
=010  \\$a99236103    
=015  \\$aGBA119227$2bnb
=016  7\$a009910417$2Uk
=019  y\$abA119227
=019  9\$abA119227
=019  1\$abA119227
=020  \\$cNo price
=039  0\$a2635
=040  \\$aUk$cUk
=042  \\$aukblsr
=043  \\$af------
=050  10$aBV2500
=050  00$aMicrofilm 99/19
=082  00$a266.36$222
=245  00$aChurch Missionary Society archive$h[microform].$nSection IV,$pAfrica missions.
=246  30$aAfrica missions
=260  \\$aMarlborough, Wiltshire :$bAdam Matthew Publications,$c1997-
=300  \\$amicrofilm reels :$bill. ;$c35 mm.
=336  \\$atext$2rdacontent
=337  \\$amicroform$2rdamedia
=338  \\$amicrofilm reel$2rdacarrier
=520  \\$aReproduces papers of the Church Missionary Society held at the CMS Headquarters in London and the University of Birmingham Library; includes books of correspondence, reports, records, applications, journals, and minutes.
=505  1\$apt. 1. West Africa (Sierra Leone), 1803-1880 (reels 1-27) -- pt. 2. West Africa (Sierra Leone), 1820-1880 (reels 28-45) -- pt. 3. Nigeria-Yoruba, 1844-1880 (reels 46-62) -- pt. 4. Nigeria-Yoruba, 1844-1880 (reels 63-79) -- pt. 5. West Africa (Sierra Leone), 1820-1880 (reels 80-96) -- pt. 6. Nigeria-Niger, 1857-1882 (reels 97-108) -- pt. 7. Sudan, 1905-1949 (reels 109-129) -- pt. 8. Nigeria-Yoruba, 1880-1934 (reels 130-152) -- pt. 9. Nigeria-Yoruba, 1880-1934 (reels 153-175) -- pt. 10. Nigeria-Niger, 1880-1934 (reels 176-211) -- pt. 11. Nigeria-Niger, 1880-1934 and Nigeria-Northern Nigeria, 1900-1934 (reels 212-231) -- pt. 12. West Africa (Sierra Leone), 1881-1934 (reels 232-255) -- pt. 13. West Africa (Sierra Leone), 1935-1949 and Nigeria missions, 1935-1949 (reels 256-283) -- pt. 14. Egypt mission, 1889-1934 (reels 284-300) -- pt. 15. Egypt mission, 1889-1949 (reels 301-314) -- pt. 16. South Africa mission, 1836-1843, Kenya mission, 1841-1888, and Nyanza mission, 1876-1882 (reels 315-330) -- pt. 17. Kenya mission, 1880-1934 (reels 331-359) -- pt. 18. Kenya mission, 1880-1934 (reels 360-388) -- pt. 19. Tanganyika mission, 1900-1934, Nyanza mission, 1880-1886, and Rwanda mission, 1933-1934 (reels 389-402) -- pt. 20. Uganda mission, 1898-1934 (reels 403-419) -- pt. 21. Kenya mission, 1935-1949 (reels 420-438) -- pt. 22. Uganda mission, 1898-1934 (reels 439-460) -- pt. 23. Uganda, Tanganyika and Rwanda missions, 1935-1949 (reels 461-485) -- pt. 24. Africa missions : Mauritious, Madagascar and the Seychelles missions 1856-1929 (reels 486-505) -- pt. 25. Africa general, 1935-1949 (reels 506-523) -- pt. 26. Africa general, 1935-1949.
=610  20$aChurch Missionary Society$vArchives.
=610  20$aChurch of England$xMissions$xHistory$vSources.
=650  \0$aMissions$zAfrica$xHistory$vSources.
=650  \0$aMissions$zSierra Leone$xHistory$vSources.
=650  \0$aMissions$zNigeria$xHistory$vSources.
=650  \0$aMissions$zNiger$xHistory$vSources.
=650  \0$aMissions$zSudan$zHistory$vSources.
=650  \0$aMissions$zAfrica, West$xHistory$vSources.
=650  \0$aMissions$zKenya$xHistory$vSources.
=710  2\$aChurch Missionary Society.
=852  41$aBritish Library$bHMNTS$jMic.A.19970 pt. 23
=852  41$aBritish Library$bHMNTS$jMic.A.19969 pt. 22
=852  41$aBritish Library$bHMNTS$jMic.A.19975$ipt. 1-9
=852  41$aBritish Library$bHMNTS$ipt. 24
=852  41$aBritish Library$bHMNTS$jMic.A.20056$ipt. 25
=852  41$aBritish Library$bHMNTS$jMic.A.20055$ipt. 26
=852  41$aBritish Library$bHMNTS$jMic.A.19756 pt. 10
=852  41$aBritish Library$bHMNTS$jMic.A.19757 pt. 12
=852  41$aBritish Library$bHMNTS$jMic.A.19786 pt. 11
=852  41$aBritish Library$bHMNTS$jMic.A.19791 pt. 13
=852  41$aBritish Library$bHMNTS$jMic.A.19804 pt. 14
=852  41$aBritish Library$bHMNTS$jMic.A.19841 pt. 15
=852  41$aBritish Library$bHMNTS$jMic.A.19907$ipt. 17
=852  41$aBritish Library$bHMNTS$jMic.A.19908 pt. 18
=852  41$aBritish Library$bHMNTS$jMic.A.19881 pt. 19
=852  41$aBritish Library$bHMNTS$jMic.A.19909 pt. 20
=852  41$aBritish Library$bHMNTS$jMic.A.19933 pt. 21
=957  \\$r10/12/03$tMC/36851-02
=957  \\$r5/11/02$tMC/33049-01
=957  \\$r29/8/02$tMC/32288-01
=957  \\$r4/2/03$tMC/33926-01
=957  \\$r5/6/03$tMC/34988-01
=CAT  \\$aCONV$b00$c20040425$lBLL90$h0723
=CAT  \\$aCONV$b00$c20040502$lBLL01$h1342
=CAT  \\$a11317$b40$c20050119$lBLL01$h1038
=CAT  \\$a11250$b40$c20050401$lBLL01$h0912
=CAT  \\$a10746$b40$c20050602$lBLL01$h1604
=CAT  \\$a10746$b40$c20060407$lBLL01$h1119
=CAT  \\$a11250$b40$c20060627$lBLL01$h1540
=CAT  \\$a11250$b40$c20060627$lBLL01$h1554
=CAT  \\$aBATCH$b00$c20091209$lBLL01$h2356
=CAT  \\$aWR16_021$c20160609$lBLL01$h1954
=FIN  \\$aY$d20050119
=LDO  \\$aLDO$bfilm
=LEO  \\$aMP5.0000028505
=LEO  \\$aMP13.0000239532
=LEO  \\$aMP5.0000022724
=LEO  \\$aMP13.0000237656
=LEO  \\$aMP5.0000024683
=LEO  \\$aMP13.0000238197
=LEO  \\$aMP5.0000014075
=LEO  \\$aMP5.0000009175
=LEO  \\$aMP13.0000232373
=LEO  \\$aMP5.0001463514
=LEO  \\$aMP13.0000229037
=LEO  \\$aMP5.0000016270
=LEO  \\$aMP13.0000234983
=LEO  \\$aMP5.0001463511
=LEO  \\$aMP13.0000229034
=LEO  \\$aMP5.0001463594
=LEO  \\$aMP13.0000229080
=LEO  \\$aMP5.0001463570
=LEO  \\$aMP13.0000229066
=LEO  \\$aMP5.0000008771
=LEO  \\$aMP13.0000232214
=LEO  \\$aMP5.0000018647
=LEO  \\$aMP13.0000235957
=SRC  \\$aBNB03$bbibmp5.200404.2.aa
=SRC  \\$aHSS01$bbibmp13.200404.2.aa
=SRC  \\$aLDS01$bbiblm.200404.2.aa
=SRC  \\$aBNB03$bbibmp5.200404.2.ac
=LAS  \\$aWR16_021$b00$c20160609$lBLL01$h1954

