=LDR  02363 am a2200637 a 4500
=001  009910649
=003  Uk
=005  20081020083321.0
=007  hd|afv|||baca
=008  010419m20019999enk\\\\\a\\\\\000\0\eng\\
=FMT  \\$a  BK
=015  \\$aGBA124193$2bnb
=016  7\$a009910649$2Uk
=019  y\$abA124193
=019  9\$abA124193
=019  1\$abA124193
=020  \\$cNo price
=039  0\$a2638
=040  \\$aUk$cUk
=042  \\$aukblsr
=082  04$a327.4105$222
=245  00$aForeign Office files for Japan and the Far East.$h[microform]$nSeries 2,$pBritish Foreign Office files for post-war Japan, 1952-1980.
=260  \\$aMarlborough :$bAdam Matthew,$c2001-
=300  \\$amicrofilm reels ;$c35 mm.
=336  \\$atext$2rdacontent
=337  \\$amicroform$2rdamedia
=338  \\$amicrofilm reel$2rdacarrier
=505  1\$apt. 5. Complete files for 1963-1965 -- pt. 6. Complete files for 1966-1968 -- pt. 7. Complete files for 1969-1971 -- pt. 8. Complete files for 1972-1974 -- pt. 9. Complete files for 1975-1977 (19 reels)
=610  10$aGreat Britain.$bForeign Office$vArchives.
=650  \0$aDocuments on microfilm.
=651  \0$aGreat Britain$xForeign relations$zJapan$vSources.
=651  \0$aGreat Britain$xForeign relations$zEast Asia$vSources.
=651  \0$aEast Asia$xForeign relations$zGreat Britain$vSources.
=651  \0$aJapan$xForeign relations$zGreat Britain$vSources.
=852  41$aBritish Library$bHMNTS$ipt. 9
=852  41$aBritish Library$bHMNTS$jMic.A.20034$ipt. 8
=852  41$aBritish Library$bHMNTS$jMic.A.19781$ipt. 5
=852  41$aBritish Library$bHMNTS$jMic.A.19790$ipt. 6
=852  41$aBritish Library$bHMNTS$jMic.A.19867$ipt. 7
=CAT  \\$aCONV$b00$c20040425$lBLL90$h0723
=CAT  \\$aCONV$b00$c20040502$lBLL01$h1342
=CAT  \\$a10746$b40$c20051201$lBLL01$h1601
=CAT  \\$a11250$b40$c20081020$lBLL01$h0831
=CAT  \\$a11250$b40$c20081020$lBLL01$h0833
=CAT  \\$aWR16_021$c20160609$lBLL01$h1954
=FIN  \\$aY
=LEO  \\$aMP5.0001464295
=LEO  \\$aMP13.0000229320
=LEO  \\$aMP13.0000086548
=LEO  \\$aMP5.0000012038
=LEO  \\$aMP13.0000233329
=SRC  \\$aBNB03$bbibmp5.200404.2.aa
=SRC  \\$aBNB03$bbibmp5.200404.2.ac
=SRC  \\$aHSS01$bbibmp13.200404.2.aa
=SRC  \\$aLDS01$bbiblm.200404.2.aa
=LAS  \\$aWR16_021$b00$c20160609$lBLL01$h1954

