=LDR  05939 am a2201537 a 4500
=001  009918902
=003  Uk
=005  20110823111035.0
=008  030724m20029999enkac\\\\\\\\\000\0\eng\\
=FMT  \\$a  BK
=015  \\$aGBA352818$2bnb
=016  7\$a009918902$2Uk
=019  y\$abA352818
=019  9\$abA352818
=019  1\$abA352818
=019  y\$abA360095
=019  9\$a0954367111
=019  1\$a0954367111
=019  y\$abA410273
=019  9\$a095436712x
=019  1\$a095436712x
=020  \\$a0954367103 (v. 1 : pbk.) :$c£19.95
=020  \\$a0954367111 (v. 2 : pbk.) :$c£12.95
=020  \\$a095436712X (v. 3 : pbk.) :$c£12.95
=020  \\$a0954367138 (v. 4 : pbk.) :$c£12.95
=020  \\$a0954367146 (v. 5 : pbk.) :$c£9.50
=020  \\$a0954367154 (v. 6 : pbk.) :$c£7.00
=020  \\$a0954367162 (v. 7 : pbk.) :$c£7.00
=020  \\$a0954367170 (v. 8 : pbk.) :$c£7.00
=020  \\$a0954367189 (v. 9 : pbk.) :$c£7.00
=020  \\$a0954367197 (v. 10 : pbk.) :$c£7.00
=020  \\$a0955362202 (v. 11 : pbk.) :$c£7.00
=020  \\$a0955362210 (v. 12 : pbk.) :$c£7.00
=020  \\$a0955362229 (v. 13 : pbk.) :$c£6.00
=020  \\$a0955362237 (v. 14 : pbk.) :$cNo price
=020  \\$a0955362245 (v. 15 : pbk.) :$c£6.00
=020  \\$a0955362253 (v. 16 : pbk.) :$c£6.00
=020  \\$a0955362261 (v. 17 : pbk.) :$c£6.00
=020  \\$a095536227X (v. 18 : pbk.) :$c£9.00
=020  \\$a0955362288 (corrected : v. 19 : pbk.) :$c£6.00$z055362288
=020  \\$a0955362296 (v. 20 : pbk.) :$c£9.00
=020  \\$a9780956667212 (v. 22 : pbk.)
=020  \\$z9780956667219 (v. 23 : pbk.)
=020  \\$a0955362261 (v. 27 : pbk.) :$c£6.00
=020  \\$z97809566672005 (v. 69 : pbk.) :$c£9.00
=039  0\$a2752
=040  \\$aUk$cUk$dUk
=042  \\$aukblsr
=082  04$a759.2$222
=100  1\$aMuir, Gordon,$d1937-
=245  14$aThe abstract art of Gordon Muir /$cintroduction and presentation by C.A. Muir.
=260  \\$a[West Looe] :$bG. Muir,$c2002-
=300  \\$av. :$bchiefly ill. (chiefly col.), ports. (some col.) ;$c21 cm.
=336  \\$atext$2rdacontent
=337  \\$aunmediated$2rdamedia
=338  \\$avolume$2rdacarrier
=500  \\$aVols. 22 & 23 title: The works of Gordon Muir ; vol. 69 title: Gordon Muir.
=600  10$aMuir, Gordon,$d1937-
=650  \0$aPainting, Abstract.
=700  1\$aMuir, Gordon,$d1937-$tWorks of Gordon Muir.
=700  1\$aMuir, Gordon,$d1937-$tGordon Muir.
=852  41$aBritish Library$bHMNTS$jYK.2008.a.17289$ivol. 8
=852  41$aBritish Library$bHMNTS$jYC.2007.a.1638$ivol. 11
=852  41$aBritish Library$bHMNTS$jYK.2011.a.27648$ivol. 69
=852  41$aBritish Library$bHMNTS$jYC.2007.a.12591$ivol. 13
=852  41$aBritish Library$bHMNTS$jYK.2011.a.21187$ivol. 23
=852  41$aBritish Library$bHMNTS$jYK.2011.a.18948$ivol. 22
=852  41$aBritish Library$bHMNTS$ivol. 27
=852  41$aBritish Library$bHMNTS$jYK.2009.a.22047$ivol. 17
=852  41$aBritish Library$bHMNTS$jYK.2009.a.26274$ivol. 18
=852  41$aBritish Library$bHMNTS$jYK.2009.a.13865$ivol. 20
=852  41$aBritish Library$bHMNTS$jYK.2009.a.14427$ivol. 16
=852  41$aBritish Library$bHMNTS$jYC.2007.a.15384$ivol. 14
=852  41$aBritish Library$bHMNTS$jYC.2008.a.1511$ivol. 15
=852  41$aBritish Library$bHMNTS$jYC.2007.a.4241$ivol. 10
=852  41$aBritish Library$bHMNTS$jYK.2007.a.9428$ivol. 12
=852  41$aBritish Library$bHMNTS$jYK.2007.a.11401$ivol. 9
=852  41$aBritish Library$bHMNTS$jYC.2005.a.5598$ivol. 7
=852  41$aBritish Library$bHMNTS$jYK.2009.a.32045$ivol. 19
=852  41$aBritish Library$bHMNTS$jYK.2004.a.11524$ivol. 6
=852  41$aBritish Library$bHMNTS$jYK.2004.a.11522$ivol. 4
=852  41$aBritish Library$bHMNTS$jYK.2004.a.11521$ivol. 5
=852  41$aBritish Library$bHMNTS$jYC.2003.a.11603$ivol. 1
=852  41$aBritish Library$bHMNTS$jYC.2003.a.13010$ivol. 2
=852  41$aBritish Library$bHMNTS$jYC.2004.a.1236$ivol. 3
=957  \\$r2/6/03$tM/34929-12
=957  \\$r12/1/04$tM/37110-10
=957  \\$r24/10/02$tM/32916-15
=957  \\$r6/2/03$tM/33948-18
=957  \\$r18/9/03$tM/35964-13
=CAT  \\$aCONV$b00$c20040425$lBLL90$h0723
=CAT  \\$a12327$b40$c20070126$lBLL01$h0837
=CAT  \\$a9665$b40$c20070205$lBLL01$h1445
=CAT  \\$a12271$b40$c20070612$lBLL01$h1547
=CAT  \\$a9665$b40$c20070716$lBLL01$h1009
=CAT  \\$a9665$b40$c20070907$lBLL01$h1445
=CAT  \\$a11250$b40$c20071105$lBLL01$h1155
=CAT  \\$a11250$b40$c20071105$lBLL01$h1157
=CAT  \\$a11168$b40$c20080102$lBLL01$h1147
=CAT  \\$a6989$b40$c20080206$lBLL01$h1054
=CAT  \\$a8178$b40$c20080926$lBLL01$h1406
=CAT  \\$a11250$b40$c20080929$lBLL01$h1130
=CAT  \\$a11168$b40$c20081217$lBLL01$h1502
=CAT  \\$a12323$b40$c20090109$lBLL01$h1231
=CAT  \\$a12323$b40$c20090109$lBLL01$h1232
=CAT  \\$a10983$b40$c20090212$lBLL01$h1202
=CAT  \\$a10983$b40$c20090212$lBLL01$h1205
=CAT  \\$a10983$b40$c20090213$lBLL01$h1145
=CAT  \\$a12324$b40$c20090305$lBLL01$h1407
=CAT  \\$a9665$b40$c20090814$lBLL01$h1357
=CAT  \\$aBATCH$b00$c20091209$lBLL01$h2357
=CAT  \\$a8980$b40$c20110526$lBLL01$h0934
=CAT  \\$a8980$b40$c20110622$lBLL01$h1055
=CAT  \\$a6989$b40$c20110823$lBLL01$h1108
=CAT  \\$a6989$b40$c20110823$lBLL01$h1110
=CAT  \\$aWR16_021$c20160609$lBLL01$h1954
=FIN  \\$aY
=LDO  \\$aLDO$bpbk$c6/6/03
=LDO  \\$aLDO$bpbk$c8/1/04
=LEO  \\$aMP5.0000339067
=LEO  \\$aMP13.0002282980
=LEO  \\$aMP5.0000023883
=LEO  \\$aMP13.0000237938
=LEO  \\$aMP5.0000339066
=LEO  \\$aMP13.0002282979
=SRC  \\$aBNB03$bbibmp5.200404.2.aa
=SRC  \\$aHSS01$bbibmp13.200404.2.ad
=SRC  \\$aLDS01$bbiblm.200404.2.aa
=SRC  \\$aHSS01$bbibmp13.200404.2.aa
=SRC  \\$aALDL
=LAS  \\$aWR16_021$b00$c20160609$lBLL01$h1954

