=LDR  01950 am a2200541ua 4500
=001  010001120
=003  Uk
=005  20101105141848.0
=008  820608m19812010gw\a\\\\|b\\\\001\|\ger\\
=FMT  \\$a  BK
=019  1\$ar6305072
=020  \\$a3774918937 (pt. 1)
=020  \\$a3774918945 (pt. 2.I)
=020  \\$a3774923264 (pt. 2.II)
=020  \\$a9783774936805 (pt. 3)
=040  \\$aUk$cUk
=041  0\$ager$aeng$agrc
=042  \\$aukblsr
=082  00$a939.2$222
=245  04$aDie Inschriften von Stratonikeia /$cherausgegeben von M. Çetin Şahin.
=246  3\$aInscriptions of Stratonikeia
=260  \\$aBonn :$bHabelt,$c1981-2010.
=300  \\$a2 v. in 3 :$bill. ;$c30 cm.
=336  \\$atext$2rdacontent
=337  \\$aunmediated$2rdamedia
=338  \\$avolume$2rdacarrier
=490  0\$aInschriften griechischer Städte aus Kleinasien ;$vBd.21, 22.1, 22.2, 68
=504  \\$aIncludes bibliographical references and index.
=505  1\$aT. 1. Panarama -- T. 2.I. Lagina, Stratonikeia -- T. 2.II. Neue Inschriften und Indices -- pt. 3.
=546  \\$apts. 1 & 2 in German, pt. 3 in English, excerpts in all vols in ancient Greek.
=597  \\$aDLC$b82184173
=650  \0$aInscriptions, Greek$zTurkey$zEskihisar (Mugla)
=651  \0$aEskihisar (Mufgla, Turkey)$xAntiquities.
=651  \0$aTurkey$xAntiquities.
=653  \\$aAncient Macedonia$aSalonika region$aInscriptions in Greek
=700  1\$aŞahin, Mehmet Çetin,$d1945-
=852  41$aBritish Library$bHMNTS$ipt. 3
=852  41$aBritish Library$bHMNTS$jX.0423/95(21,22)
=957  \\$a8202p
=CAT  \\$aCONV$b00$c20040425$lBLL90$h0743
=CAT  \\$aCONV$b00$c20040502$lBLL01$h1345
=CAT  \\$aBATCH$b00$c20091122$lBLL01$h1323
=CAT  \\$a11070$b40$c20101105$lBLL01$h1403
=CAT  \\$a11070$b40$c20101105$lBLL01$h1418
=FIN  \\$aY
=LEO  \\$aMP13.0000990167
=SRC  \\$aHSS01$bbibmp13.200404.2.ab
=LAS  \\$a11070$b40$c20101105$lBLL01$h1418

