=LDR  01819 am a2200505 a 4500
=001  010049639
=003  Uk
=005  20151109140416.0
=008  771209s1977\\\\enkah\\\\\\\\\000\1\eng\\
=FMT  \\$a  BK
=015  \\$aGB7734061$2bnb
=019  y\$aB7734061
=019  9\$a0333237277
=019  1\$a0333237277
=020  \\$a0333237277 :$c£1.95
=040  \\$aUk$cUk$dUk
=082  04$a823.8$219
=100  1\$aCarroll, Lewis,$d1832-1898.
=245  14$aThe wasp in a wig :$ba 'suppressed' episode of 'Through the looking-glass, and what Alice found there' /$cLewis Carroll ; with a preface, introduction and notes by Martin Gardner.
=260  \\$aLondon :$bMacmillan,$c1977.
=300  \\$a37, [3] p. :$bill., facsims. ;$c23 cm.
=336  \\$atext$2rdacontent
=337  \\$aunmediated$2rdamedia
=338  \\$avolume$2rdacarrier
=500  \\$aAlso published: New York : Lewis Carroll Society of North America, 1977.
=653  \\$aFiction in English$a1837-1900$aTexts
=650  \0$aFiction in English.
=700  1\$aGardner, Martin,$d1914-2010.
=700  1\$aCarroll, Lewis,$d1832-1898.$tThrough the looking-glass.
=852  41$aBritish Library$bDSC$mX26/4296
=852  41$aBritish Library$bHMNTS$jX.989/51974
=CAT  \\$aCONV$b00$c20040425$lBLL90$h0802
=CAT  \\$aCONV$b00$c20040502$lBLL01$h1346
=CAT  \\$aglobal_upd$b40$c20060417$lBLL01$h1725
=CAT  \\$aBATCH-UPD$b40$c20060918$lBLL01$h2235
=CAT  \\$a8874$b40$c20080124$lBLL01$h1312
=CAT  \\$aBATCH$b00$c20091210$lBLL01$h0018
=CAT  \\$aBATCH-UPD$b00$c20100527$lBLL01$h0304
=CAT  \\$a8874$b40$c20151109$lBLL01$h1404
=FIN  \\$aY
=LEO  \\$aMP5.0000594898
=LEO  \\$aMP13.0001538814
=SRC  \\$aBNB03$bbibmp5.200404.2.ab
=SRC  \\$aHSS01$bbibmp13.200404.2.ac
=LAS  \\$a8874$b40$c20151109$lBLL01$h1404

