=LDR  02530cam a2200745ua 4500
=001  010091728
=003  Uk
=005  20230331162257.0
=008  011001s2001\\\\enk\\\\||\\\\\000\||eng\\
=FMT  \\$a  BK
=015  \\$aGBA110026$2bnb
=019  y\$abA110026
=019  9\$a0748408452
=019  g\$aadv5002989799
=019  a\$aG05913962
=019  1\$a0748408452
=020  \\$a0748408452 :$cNo price
=035  \\$a(UkCU)c900202785
=039  0\$a2661
=040  \\$aUkCU$dUk
=082  04$a305.50723$221
=245  00$aLife and motion of socio-economic units /$ceditors, Andrew U. Frank, Jonathan Raper and Jean-Paul Cheylan.
=260  \\$aLondon :$bTaylor & Francis,$c2001.
=300  \\$aviii,353p. :$bill. ;$c26cm.
=336  \\$atext$2rdacontent
=337  \\$aunmediated$2rdamedia
=338  \\$avolume$2rdacarrier
=490  1\$aGISDATA ;$vv. 8
=504  \\$aIncludes bibliographical references and index.
=540  \\$aCurrent Copyright Fee: GBP34.00$c0$5Uk
=650  \0$aEconomics$xSociological aspects.
=650  \0$aTemporal databases.
=650  \0$aGeographic information systems.
=650  \0$aGeographical perception.
=690  7\$aSocial Welfare$2blcoll
=700  1\$aFrank, Andrew U.
=700  1\$aRaper, Jonathan.
=700  1\$aCheylan, Jean-Paul.
=830  \0$aGISDATA ;$vv. 8.
=852  41$aBritish Library$bDSC$i4179.388
=852  41$aBritish Library$bHMNTS$jYK.2001.a.13108
=945  \\$aGistada -London- ; v 8
=966  \\$lACQUIS 19/10/2001
=CAT  \\$aCONV$b00$c20040425$lBLL90$h0813
=CAT  \\$aCONV$b00$c20040502$lBLL01$h1348
=CAT  \\$aglobal_upd$b40$c20060417$lBLL01$h0940
=CAT  \\$aBATCH$b00$c20091122$lBLL01$h1353
=CAT  \\$aBATCH$b00$c20091217$lBLL01$h0129
=CAT  \\$aBATCH$b00$c20110625$lBLL01$h0422
=CAT  \\$aBATCH-SWP4$c20110627$lBLL01$h1459
=CAT  \\$aBATCH-UPD$b00$c20200511$lBLL01$h2047
=CAT  \\$aBATCH-CLAB$c20220330$lBLL01$h1705
=CAT  \\$aIPL-CLA$c20220331$lBLL01$h2153
=CAT  \\$aBATCH-CLAB$c20230324$lBLL01$h1359
=CAT  \\$aIPL-CLA$c20230331$lBLL01$h1622
=CFI  0\$aCurrent Copyright Fee: GBP34.00$c0$e01-apr-2023$fGBP34.00$g0$hC$5Uk
=CFI  2\$aPrevious Copyright Fee: GBP28.00$c0$e01-apr-2022$fGBP28.00$g0$hC$5Uk
=FIN  \\$aY
=LEO  \\$aMP5.0001680835
=LEO  \\$aMP8.0001589759
=LEO  \\$aMP13.0001914720
=SRC  \\$aBNB03$bbibmp5.200404.2.ac
=SRC  \\$aDSC01$bbibmp8.200404.2.ac
=SRC  \\$aHSS01$bbibmp13.200404.2.ad
=LAS  \\$aIPL-CLA$b00$c20230331$lBLL01$h1622

