=LDR  02287 am a2200685 a 4500
=001  010103129
=003  Uk
=005  20070116140625.0
=008  990222s1999\\\\enk\\\\\\b\\\\000\0\eng\\
=FMT  \\$a  BK
=010  \\$a   99021646 
=015  \\$aGB9967126$2bnb
=019  y\$ab9967126
=019  9\$a0859915522
=019  1\$a0859915522
=020  \\$a0859915522 (v. 1 : alk. paper) :$cNo price
=020  \\$a0859915565 (v. 2 : alk. paper) :$cNo price
=020  \\$a0859915603 (v. 3 : alk. paper) :$cNo price
=039  0\$a2560
=040  \\$aDLC$cDLC$dUk
=041  1\$aeng$agem$hfre
=050  00$aPT7090$b.N674 1999
=082  00$a839.5$222
=245  00$aNorse romance /$cedited by Marianne E. Kalinke.
=260  \\$aWoodbridge :$bD.S. Brewer,$c1999.
=300  \\$a3 v. ;$c24 cm.
=336  \\$atext$2rdacontent
=337  \\$aunmediated$2rdamedia
=338  \\$avolume$2rdacarrier
=490  1\$aArthurian archives,$x1463-6670 ;$v3-5
=504  \\$aIncludes bibliographical references.
=505  0\$av. 1. The Tristan legend -- v. 2. The knights of the round table -- v. 3. Hærra Ivan.
=650  \0$aScandinavian literature$vTranslations into English.
=650  \0$aRomances$vTranslations into English.
=650  \0$aArthurian romances.
=700  1\$aKalinke, Marianne E.
=740  02$aTristan legend.
=740  02$aKnights of the round table.
=740  02$aHærra Ivan.
=830  \0$aArthurian archives,$x1463-6670 ;$v3-5
=852  41$aBritish Library$bHMNTS$jYC.1999.b.7150$ivol. 2
=852  41$aBritish Library$bHMNTS$jYC.1999.b.8150$ivol. 3
=852  41$aBritish Library$bDSC$ivol. 1
=852  41$aBritish Library$bHMNTS$jYC.1999.b.7129$ivol. 1
=CAT  \\$aCONV$b00$c20040425$lBLL90$h0823
=CAT  \\$aCONV$b00$c20040502$lBLL01$h1348
=CAT  \\$a11317$b40$c20070116$lBLL01$h1406
=CAT  \\$aBATCH$b00$c20091210$lBLL01$h0022
=CAT  \\$aBATCH$b00$c20091217$lBLL01$h0131
=FIN  \\$aY
=LEO  \\$aMP5.0001752191
=LEO  \\$aMP13.0002092172
=LEO  \\$aMP5.0001752195
=LEO  \\$aMP5.0001752199
=LEO  \\$aMP13.0002092175
=LEO  \\$aMP13.0002092178
=SRC  \\$aHSS01$bbibmp13.200404.2.ad
=SRC  \\$aBNB03$bbibmp5.200404.2.ad
=SRC  \\$aBLL02$bpart.2.av
=LAS  \\$aBATCH$b00$c20091217$lBLL01$h0131

