=LDR  02662cam a2200697ua 4500
=001  010129812
=003  Uk
=005  20220331215412.0
=008  020208s2001\\\\enkab\\||\\\\\101\||eng\\
=FMT  \\$a  BK
=010  \\$a2001053893
=015  \\$aGBA212511$2bnb
=019  y\$abA212511
=019  9\$a1402001282
=019  g\$aadv5003605196
=019  a\$aG07308471
=019  1\$a1402001282
=020  \\$a1402001282 :$c£62.00
=039  0\$a2679
=040  \\$aDLC$cDLC$dUk
=082  04$a338.3727094$221
=245  00$aInshore fisheries management /$cedited by David Symes and Jeremy Phillipson.
=260  \\$aDordrecht ;$aLondon :$bKluwer Academic Publishers,$cc2001.
=300  \\$axviii, 318 p. :$bill., maps ;$c25 cm.
=336  \\$atext$2rdacontent
=337  \\$aunmediated$2rdamedia
=338  \\$avolume$2rdacarrier
=490  0\$aReviews: methods and technologies in fish biology and fisheries ;$vv. 2
=500  \\$aThis volume orginated from two workshops held in 1998.
=504  \\$aIncludes bibliographical references and index.
=590  \\$aThis volume orginated from two workshops held in 1998
=598  \\$aPROV.RECORD
=540  \\$aBritish Library not licensed to copy$c0$5Uk
=650  \0$aFishery management$zEurope$vCongresses.
=690  7\$aManagement and Business Studies$2blcoll
=700  1\$aSymes, D. G.$q(David Gilyard).
=700  1\$aPhillipson, Jeremy.
=886  2\$2ukmarc$a900$b10$aSymes$hDavid$kDavid Gilyard$xSee$aSymes, D. G. (David Gilyard)$z700
=886  2\$2ukmarc$a900$b10$aSymes$hDavid G.$xSee$aSymes, D. G. (David Gilyard)$z700
=886  2\$2ukmarc$a900$b10$aSymes$hDavid Gilyard$xSee$aSymes, D. G. (David Gilyard)$z700
=852  41$aBritish Library$bDSC$i7793.08
=852  41$aBritish Library$bHMNTS$jYC.2002.a.2218
=945  \\$aReviews methods and technologies in fish biology and fisheries ; v2
=966  \\$lACQUIS 22/05/2002
=CAT  \\$aCONV$b00$c20040425$lBLL90$h0829
=CAT  \\$aCONV$b00$c20040502$lBLL01$h1349
=CAT  \\$aglobal_upd$b40$c20060417$lBLL01$h0943
=CAT  \\$aBATCH$b00$c20090619$lBLL01$h1816
=CAT  \\$aBATCH$b00$c20091122$lBLL01$h1408
=CAT  \\$aBATCH-CLAB$c20220330$lBLL01$h1724
=CAT  \\$aBATCH-UPD$b00$c20220331$lBLL01$h0850
=CAT  \\$aIPL-CLA$c20220331$lBLL01$h2154
=CFI  0\$aBritish Library not licensed to copy$c0$e01-apr-2022$hC$iCFP Excluded$5Uk
=FIN  \\$aY
=LEO  \\$aMP5.0000341748
=LEO  \\$aMP8.0001748802
=LEO  \\$aMP13.0002285813
=SRC  \\$aBNB03$bbibmp5.200404.2.aa
=SRC  \\$aDSC01$bbibmp8.200404.2.ac
=SRC  \\$aHSS01$bbibmp13.200404.2.ad
=LAS  \\$aIPL-CLA$b00$c20220331$lBLL01$h2154

