=LDR  03730 as a2200949 a 4500
=001  010191937
=003  Uk
=005  20190614095604.0
=007  ta
=008  861104c19649999enkfr\p\\\r\\o0\\\a0eng\\
=FMT  \\$a  SE
=019  c\$a2101142
=019  0\$as519891007
=019  x\$a0980170214
=019  s\$aoasp02284
=022  0\$a0950-6918$202
=040  \\$aUk$cUk$dUk
=042  \\$aissnuk
=082  04$a341.7
=084  \\$aAA 604$2blsrissc
=210  0\$aLond. dipl. list
=222  \0$aLondon diplomatic list
=245  04$aThe London diplomatic list /$cForeign Office.
=246  3\$aAlphabetical list of the foreign embassies and legations in London
=260  \\$aLondon :$bH.M.S.O.,$c1964-
=264  31$aLondon :$bDandy Booksellers Ltd
=300  \\$av. ;$c25 cm.
=310  \\$aSemiannual
=336  \\$atext$2rdacontent
=337  \\$aunmediated$2rdamedia
=338  \\$avolume$2rdacarrier
=500  \\$a"Reproduced by Dandy Booksellers Limited under the terms of the Open Government Licence v3.0." -- January 2018.
=550  \\$aVols. for 1982- issued by: Great Britain. Foreign and Commonwealth Office.
=540  \\$aCurrent copyright fee: zero$c0$5Uk
=588  \\$aLatest issue consulted: January 2018.
=650  \0$aDiplomatic and consular service$zGreat Britain$vPeriodicals.
=650  \0$aInternational agencies$zGreat Britain$vDirectories.
=710  1\$aGreat Britain.$bForeign Office.
=710  1\$aGreat Britain.$bForeign and Commonwealth Office.
=780  00$tAlphabetical list of the representatives of foreign states and Commonwealth countries in London
=780  05$tDirectory of international organisations in London$x0434-4537
=852  11$aBritish Library$bHMNTS$kOPL Enq Desk$h327.2$3Latest issue
=852  41$aBritish Library$bHMNTS$jBS.14/152$31964-***Earlier issues
=852  41$aBritish Library$bDSC$j5293.240000$31964 - Jan. 2009
=945  \\$aLONDON DIPLOMATIC LIST.
=959  \\$fHeld but not currently received
=985  \\$aRecord merged by DQ team
=A02  \\$a2101142
=CAT  \\$aCONV$b00$c20040425$lBLL90$h0849
=CAT  \\$aCONV$b00$c20040502$lBLL01$h1351
=CAT  \\$c20041009$lBLL01$h2013
=CAT  \\$a9081$b40$c20050209$lBLL01$h1546
=CAT  \\$c20050504$lBLL01$h1615
=CAT  \\$aglobal_upd$b40$c20060417$lBLL01$h1733
=CAT  \\$a8874$b40$c20070621$lBLL01$h0851
=CAT  \\$a8874$b40$c20070621$lBLL01$h0910
=CAT  \\$a8874$b40$c20070621$lBLL01$h0911
=CAT  \\$aCDS08-UPD$b40$c20090903$lBLL01$h1746
=CAT  \\$aBATCH$b00$c20091210$lBLL01$h0036
=CAT  \\$aBATCH$b00$c20091214$lBLL01$h0543
=CAT  \\$aBATCH$b00$c20091216$lBLL01$h0138
=CAT  \\$aBATCH-CLA$b00$c20121105$lBLL01$h1747
=CAT  \\$aWR13.005$c20130323$lBLL01$h1519
=CAT  \\$a3391$b40$c20180216$lBLL01$h1439
=CAT  \\$a10806$b40$c20190614$lBLL01$h0956
=CFI  0\$aCurrent copyright fee: zero$c0$e15-jan-1999$fGBP0.00$g0$hZ$5Uk
=CFI  2\$aCurrent copyright fee: GBP5.00$c0$e03-sep-1998$fGBP5.00$g0$hC$5Uk
=FIN  \\$aY
=LEO  \\$aMP10.0000350455
=LEO  \\$aMP22.0000024646
=LEO  \\$aMP25.0000211008
=LEO  \\$aMP1.0001164708.1
=LEO  \\$aMP37.0000000718.1
=LKR  \\$aPAR$b001108232$lBLL01$r78000$mLondon diplomatic list$nAlphabetical list of the representatives of foreign states and Commonwealth countries in London
=SRC  \\$aSPH01$bbibmp37b.200404.2.aa
=SRC  \\$aBLS01$bbibmp1.200404.2.ab
=SRC  \\$aSRI01$bbibmp25.200404.2.aa
=SRC  \\$aDSS01$bbibmp10.200404.2.aa
=SRC  \\$aISN01$bbibmp22.200404.2.aa
=TCO  \\$aCLA$bCLA$c008
=ACF  \\$aCurrent copyright fee: GBP4.60$c0$e01-oct-1997$fGBP4.60$g0$hC$5Uk
=LAS  \\$a10806$b40$c20190614$lBLL01$h0956

