=LDR  01591 am a22004813u 4500
=001  010332986
=003  Uk
=005  20071123012700.0
=008  710617s1971\\\\enka\\\||\\\\\001\||eng\\
=FMT  \\$a  BK
=010  \\$a76018592
=015  \\$aGB7114105$2bnb
=019  y\$aB7114105
=019  9\$a0721672671
=020  \\$a0721672671 :$c£9.15
=040  \\$aUk$cUk
=050  00$aRJ51.P8
=082  04$a618.92/24/0754$218
=100  1\$aPolgar, George.
=245  10$aPulmonary function testing in children :$btechniques and standards /$cGeorge Polgar Varuni Promadhat.
=260  \\$aPhiladelphia ;$aLondon :$bSaunders,$c1971.
=300  \\$aix,273p. :$bill(some col) ;$c27cm.
=336  \\$atext$2rdacontent
=337  \\$aunmediated$2rdamedia
=338  \\$avolume$2rdacarrier
=504  \\$abibl p261-268.
=650  \0$aPulmonary function tests.
=650  \0$aChildren$xDiseases$xDiagnosis.
=653  \\$aMedicine$aChildren$aLungs$aDiseases$aDiagnosis$aLung function tests
=700  1\$aPromadhat, Varuni.
=852  4\$aBritish Library$bDSC$jWq3/6158$xLost 10/4/2000
=852  4\$aBritish Library$bDSC$xHeavy use duplicate 2 copies
=CAT  \\$aCONV$b00$c20040425$lBLL90$h0527
=CAT  \\$aCONV$b00$c20040502$lBLL01$h1357
=CAT  \\$aglobal_upd$b40$c20060417$lBLL01$h1018
=CAT  \\$aUCB-HOL$b00$c20070921$lBLL01$h1621
=CAT  \\$aBATCH$b00$c20070921$lBLL01$h1929
=CAT  \\$aBATCH$b00$c20071123$lBLL01$h0127
=FIN  \\$aY
=LEO  \\$aMP3.0000130516
=SRC  \\$aBNB02$bbibmp3.200404.2.aa
=SRC  \\$aUCB 2007
=LAS  \\$aBATCH$b00$c20071123$lBLL01$h0127

