=LDR  02484cam a2200745 a 4500
=001  010359367
=003  Uk
=005  20050614113325.0
=008  030410m20009999enka\\\\\\\\\\001\0\eng\\
=FMT  \\$a  BK
=015  \\$aGBA328679$2bnb
=016  7\$a010359367$2Uk
=019  y\$abA328679
=019  9\$a9026518714
=019  g\$aadv5004040400
=019  a\$aG07696753
=019  0\$as685546004
=020  \\$a9061913950 (Pt. 1 : pbk.) :$c£32.00
=020  \\$a9026518714 (Pt. 2 : pbk.) :$c£1.50
=020  \\$a1842461060 (Pt. 3 : pbk.) :$cNo price
=039  0\$a2738
=040  \\$aUk$beng$cUk
=042  \\$aukblsr
=082  04$a583.9909676$222
=245  00$aCompositae.
=260  \\$aRotterdam :$bPublished on behalf of the East African governments by Balkema ;$aKew :$bRoyal Botanic Gardens [distributor],$c2000-.
=300  \\$av. :$bill. ;$c25 cm.
=336  \\$atext$2rdacontent
=337  \\$aunmediated$2rdamedia
=338  \\$avolume$2rdacarrier
=490  1\$aFlora of tropical East Africa
=500  \\$aIncludes index.
=500  \\$a"Prepared at the Royal Botanic Gardens, Kew with assistance from the East African Herbarium" - Cover.
=500  \\$aCover title.
=597  \\$aEnhanced$bSRIS DDC
=650  \0$aCompositae$zAfrica, East.
=710  2\$aRoyal Botanic Gardens, Kew.
=710  2\$aEast African Herbarium.
=830  \0$aFlora of tropical East Africa.
=852  41$aBritish Library$bSTI$iPt. 3
=852  41$aBritish Library$bDSC$jm02/43328$iPt. 2
=852  71$aBritish Library$bSTI$iPt. 2
=852  41$aBritish Library$bDSC$jm02/43327$iPt. 1
=957  \\$a030410p
=966  \\$lACQUIS 06/12/2002
=CAT  \\$aCONV$b00$c20040425$lBLL90$h0543
=CAT  \\$aCONV$b00$c20040502$lBLL01$h1358
=CAT  \\$aUE-01$b00$c20040809$lBLL01$h1215
=CAT  \\$a10932$b40$c20050614$lBLL01$h1133
=CAT  \\$aglobal_upd$b40$c20060417$lBLL01$h1021
=CAT  \\$aBATCH$b00$c20091122$lBLL01$h1435
=CAT  \\$aBATCH$b00$c20091217$lBLL01$h0140
=CAT  \\$aWR16_021$c20160609$lBLL01$h1956
=CAT  \\$aBATCH-UPD$b00$c20160609$lBLL01$h2131
=FIN  \\$aY$d20050614
=LEO  \\$aMP5.0000480707
=LEO  \\$aMP8.0001820858
=LEO  \\$aMP25.0000363320
=LEO  \\$aMP5.0001899330
=LEO  \\$aMP8.0001820857
=SRC  \\$aBNB03$bbibmp5.200404.2.aa
=SRC  \\$aDSC01$bbibmp8.200404.2.ac
=SRC  \\$aSRI01$bbibmp25.200404.2.aa
=SRC  \\$aBNB03$bbibmp5.200404.2.ad
=LAS  \\$aBATCH-UPD$b00$c20160609$lBLL01$h2131

