=LDR  01977aam a2200589 a 4500
=001  010446987
=003  Uk
=005  20070418113923.0
=008  001213s2001\\\\paua\\\\\b\\\\001\0\eng\\
=FMT  \\$a  BK
=010  \\$a00069809
=015  \\$aGBA729477$2bnb
=016  7\$a010446987$2Uk
=019  g\$aadv5004811288
=019  a\$aG07124393
=020  \\$a0898714885 :$cNo price
=040  \\$aDLC$cDLC$dDLC$dUk
=042  \\$aukblcatcopy
=050  00$aQA402.3$b.B47 2001
=082  00$a629.8312$221
=100  1\$aBetts, John T.,$d1943-
=245  10$aPractical methods for optimal control using nonlinear programming /$cJohn T. Betts.
=260  \\$aPhiladelphia, Pa. :$bSociety for Industrial and Applied Mathematics,$cc2001.
=300  \\$ax, 190 p. :$bill. ;$c26 cm.
=336  \\$atext$2rdacontent
=337  \\$aunmediated$2rdamedia
=338  \\$avolume$2rdacarrier
=490  1\$aAdvances in design and control
=504  \\$aIncludes bibliographical references (p. 181-188) and index.
=650  \0$aControl theory.
=650  \0$aMathematical optimization.
=650  \0$aNonlinear programming.
=886  2\$2blmarc$a010$b00$a00069809
=830  \0$aAdvances in design and control.
=852  71$aBritish Library$bSTI$2blsrissc
=852  41$aBritish Library$bDSC$jm03/41605
=966  \\$lACQUIS 11/12/2003
=CAT  \\$aCONV$b00$c20040425$lBLL90$h0652
=CAT  \\$aCONV$b00$c20040502$lBLL01$h1401
=CAT  \\$aglobal_upd$b40$c20060417$lBLL01$h1045
=CAT  \\$a9523$b40$c20070418$lBLL01$h1119
=CAT  \\$a9523$b40$c20070418$lBLL01$h1139
=CAT  \\$aBATCH$b00$c20091210$lBLL01$h0145
=CAT  \\$aBATCH$b00$c20091217$lBLL01$h0142
=CAT  \\$aBATCH-UPD$b00$c20110612$lBLL01$h2158
=CAT  \\$aWR16_021$c20160609$lBLL01$h1956
=CAT  \\$aBATCH-UPD$b00$c20160609$lBLL01$h2132
=FIN  \\$aY
=LEO  \\$aMP8.0001687018
=SID  \\$aZ39$bLOC
=SRC  \\$aDSC01$bbibmp8.200404.2.ac
=LAS  \\$aBATCH-UPD$b00$c20160609$lBLL01$h2132

