=LDR  01491 as a2200469ua 4500
=001  010528552
=003  Uk
=005  20190701111645.0
=006  aac\\|||||||||||||
=007  ta
=008  010329c20009999enkmr\p\\\\\\\0\\\a0eng\\
=FMT  \\$a  SE
=019  1\$abld00F2595
=040  \\$aUk$cUk
=110  2\$aFord of Europe.
=245  10$a@ Ford.
=250  \\$aEnglish ed.
=260  \\$a[Great Britain] :$bFord of Europe,$c2000-
=300  \\$av. :$bcol. ill., col. ports. ;$c30 cm.
=310  \\$aMonthly
=336  \\$atext$2rdacontent
=337  \\$aunmediated$2rdamedia
=338  \\$avolume$2rdacarrier
=362  0\$aFeb. 2000-
=530  \\$aAvailable in other European languages.
=610  24$aFord of Europe$vPeriodicals.
=780  00$aFord Motor Company.$tFord news
=852  41$aBritish Library$bHMNTS$jZK.9.b.15423$3Feb. (2000)-Jul./Aug. (2000)
=852  41$aBritish Library$bSTI$cBIPC$kTrade Literature Collection$3Feb. (2000)-Jul./Aug. (2000)
=957  \\$a000213c
=CAT  \\$aCONV$b00$c20040425$lBLL90$h0719
=CAT  \\$aCONV$b00$c20040502$lBLL01$h1403
=CAT  \\$aBATCH$b00$c20091122$lBLL01$h1451
=CAT  \\$a10806$b40$c20190701$lBLL01$h1114
=CAT  \\$a10806$b40$c20190701$lBLL01$h1116
=FIN  \\$aY
=LEO  \\$aMP13.0000067635
=LKR  \\$aPAR$b001267399$lBLL01$r78000$m@ Ford$nFord news
=SRC  \\$aHSS01$bbibmp13.200404.2.aa
=SRC  \\$aDSS04$bbibld.200404.2.aa
=TCO  \\$aCLA$bCLA$c008
=LAS  \\$a10806$b40$c20190701$lBLL01$h1116

