=LDR  02681 am a2200613ui 4500
=001  010536249
=003  Uk
=005  20040621183740.0
=008  771021s1976\\\\enk\\\\||\\\\o000\||eng\\
=FMT  \\$a  BK
=015  \\$aGB7727637$2bnb
=019  y\$aB7727637
=019  9\$ab7727637
=019  1\$ab7727637
=020  \\$c£9.00
=040  \\$aUk$cUk
=050  00$aZ695.1.B/
=082  04$a025.3/3624$218
=110  2\$aCIT Agency.
=245  10$aConstruction industry thesaurus.
=250  \\$a2nd ed. / [compiled by the CIT Agency at the Polytechnic of the South Bank ; under the direction of Michael J. Roberts]. Abridged version /$bselected by Caroline Kenward and Michael J. Roberts at the Polytechnic of the South Bank.
=260  \\$aLondon ([2 Marsham St., S.W.1]) :$bProperty Services Agency,$c1976.
=300  \\$a119p. ;$c30cm.
=336  \\$atext$2rdacontent
=337  \\$aunmediated$2rdamedia
=338  \\$avolume$2rdacarrier
=500  \\$aSecond ed. originally published: 1976.
=650  \0$aSubject headings$xBuilding.
=653  \\$aConstruction
=700  1\$aKenward, Caroline.
=700  1\$aRoberts, Michael J.$q(Michael John),$d1940-
=710  1\$aGreat Britain.$bProperty Services Agency.
=886  2\$2ukmarc$a900$b10$aRoberts$hMichael John$c1940-$xSee$aRoberts, Michael J. (Michael John),$x1940-$z100
=886  2\$2ukmarc$a910$b20$aPolytechnic of the South Bank$cCIT Agency$xSee$aCIT Agency$z110
=886  2\$2ukmarc$a910$b10$aGreat Britain$cDepartment of the Environment$cProperty Services Agency$xSee$aProperty Services Agency$z710
=886  2\$2ukmarc$a910$b10$aGreat Britain$cProperty Services Agency$xSee$aProperty Services Agency$z710
=886  2\$2ukmarc$a910$b20$aPSA$xSee$aProperty Services Agency$z710
=886  2\$2ukmarc$a910$b10$aGreat Britain$cDepartment of the Environment$cProperty Services Agency$xSee$aGreat Britain.$xProperty Services Agency$z710
=886  2\$2ukmarc$a910$b20$aProperty Services Agency$xSee$aGreat Britain.$xProperty Services Agency$z710
=886  2\$2ukmarc$a910$b20$aPSA$xSee$aGreat Britain.$xProperty Services Agency$z710
=852  11$aBritish Library$bDSC$cQ$hQ025.3369
=852  41$aBritish Library$bHMNTS$jBS.414/476(2)
=957  \\$a770315c
=CAT  \\$aCONV$b00$c20040425$lBLL90$h0723
=CAT  \\$aCONV$b00$c20040502$lBLL01$h1403
=CAT  \\$a7416$b40$c20040621$lBLL01$h1837
=CAT  \\$aglobal_upd$b40$c20060417$lBLL01$h1741
=CAT  \\$aBATCH$b00$c20091210$lBLL01$h0216
=FIN  \\$aY
=LEO  \\$aMP5.0000488115
=LEO  \\$aMP13.0000243215
=SRC  \\$aBNB03$bbibmp5.200404.2.aa
=SRC  \\$aHSS01$bbibmp13.200404.2.aa
=LAS  \\$aBATCH$b00$c20091210$lBLL01$h0216

