=LDR  02236 am a2200625 a 4500
=001  010545801
=003  Uk
=005  20150720082354.0
=008  790929s1977\\\\enka\\\\|\\\\\000\|\eng\\
=FMT  \\$a  BK
=015  \\$aGB7930529$2bnb
=019  y\$aB7930529
=019  9\$ab7930529
=019  1\$ab7930529
=020  \\$c£1.00 (sd)
=040  \\$aUk$beng$cUk$dUk
=043  \\$ae-uk---
=050  00$aJF529
=082  04$a361.80941$223
=245  02$aA community groups handbook /$ccompiled by Jerry Smith, Maggie Pearse ; editors Michaela Dungate, Jeremy Harrison ; cartoons Carole Crowe.
=260  \\$aLondon (Publications Dept., 7 Leonard St., EC2A 4AQ) :$bCommunity Projects Foundation,$c1977.
=300  \\$a5 v. :$bill. ;$c21cm.
=336  \\$atext$2rdacontent
=337  \\$aunmediated$2rdamedia
=338  \\$avolume$2rdacarrier
=505  0\$aCommunities: issues and authorities -- Taking action -- Community action and society -- How community groups work -- Getting involved.
=597  \\$aDLC$b80485495
=650  \0$aCommunity development$zGreat Britain$xHandbooks, manuals, etc.
=653  \\$aGreat Britain$aCommunity action groups
=690  7\$aSocial Welfare$2blcoll
=700  1\$aSmith, Jerry,$d1948-
=700  1\$aPearse, Maggie.
=700  1\$aDungate, Michaela.
=700  1\$aHarrison, Jeremy,$d1944-
=710  2\$aCommunity Projects Foundation.
=852  41$aBritish Library$bHMNTS$ivol. 2
=852  41$aBritish Library$bHMNTS$ivol. 1
=852  41$aBritish Library$bHMNTS$jX.519/30118
=957  \\$a780707c
=CAT  \\$aCONV$b00$c20040425$lBLL90$h0724
=CAT  \\$aCONV$b00$c20040502$lBLL01$h1404
=CAT  \\$aglobal_upd$b40$c20060417$lBLL01$h1745
=CAT  \\$aBATCH$b00$c20091210$lBLL01$h0220
=CAT  \\$aBATCH$b00$c20110625$lBLL01$h0430
=CAT  \\$aBATCH-SWP4$c20110627$lBLL01$h1506
=CAT  \\$a9665$b40$c20150720$lBLL01$h0817
=CAT  \\$a9665$b40$c20150720$lBLL01$h0820
=CAT  \\$a9665$b40$c20150720$lBLL01$h0822
=CAT  \\$a9665$b40$c20150720$lBLL01$h0823
=FIN  \\$aY
=LEO  \\$aMP5.0000502784
=LEO  \\$aMP13.0000253638
=SRC  \\$aBNB03$bbibmp5.200404.2.aa
=SRC  \\$aHSS01$bbibmp13.200404.2.aa
=LAS  \\$a9665$b40$c20150720$lBLL01$h0823

