=LDR  01769 am a2200553uu 4500
=001  010555813
=003  Uk
=005  20210209164100.0
=008  030717s1968\\\\enkab\\||\\\\\000\||eng\\
=FMT  \\$a  BK
=015  \\$aGB6904291$2bnb
=019  y\$aB6904291
=019  9\$a0070943362
=019  1\$adef414824
=020  \\$a0070943362 (lp)
=040  \\$aUk$cUk
=082  04$a301.57$218
=100  1\$aThomson, Ian.
=245  10$aLeisure /$cby Ian Thomson ; illustrated by Kenneth Carter.
=260  \\$aMaidenhead :$bMcGraw-Hill,$c1968.
=300  \\$a64p. :$bill(some col), col maps ;$c24cm.
=336  \\$atext$2rdacontent
=337  \\$aunmediated$2rdamedia
=338  \\$avolume$2rdacarrier
=490  0\$aModern studies topics
=500  \\$aList of films: p.62-64.
=650  \0$aLeisure.
=700  1\$aCarter, Kenneth.
=852  4\$aBritish Library$bDSC$j72/7817
=852  4\$aBritish Library$bDSC$xW68-5325
=852  41$aBritish Library$bHMNTS$jX.510/3976
=852  41$aBritish Library$bHMNTS$jX.611/2929$3[Another copy.]
=CAT  \\$aCONV$b00$c20040425$lBLL90$h0729
=CAT  \\$aCONV$b00$c20040502$lBLL01$h1404
=CAT  \\$aglobal_upd$b40$c20060417$lBLL01$h1050
=CAT  \\$aUCB-HOL$b00$c20070921$lBLL01$h1622
=CAT  \\$aBATCH$b00$c20070921$lBLL01$h1931
=CAT  \\$aBATCH$b00$c20071123$lBLL01$h0131
=CAT  \\$aBATCH$b00$c20091210$lBLL01$h0223
=CAT  \\$aBATCH$b00$c20091225$lBLL01$h0106
=CAT  \\$aBATCH-UPD$b00$c20141220$lBLL01$h1718
=CAT  \\$aBATCH-UPD$b00$c20210209$lBLL01$h1641
=FIN  \\$aY
=LEO  \\$aMP2.0000307248
=LEO  \\$aMP13.0000429204
=SRC  \\$aBNB01$bbibmp2.200404.2.aa
=SRC  \\$aHSS01$bbibmp13.200404.2.aa
=SRC  \\$aUCB 2007
=LAS  \\$aBATCH-UPD$b00$c20210209$lBLL01$h1641

