=LDR  02033cas a2200565ua 4500
=001  010651454
=003  Uk
=005  20120830145630.0
=006  aa\\\|||||||||||||
=007  ta
=008  830201c19uu9999enkar\p\\\\\\\0\\\a0eng\\
=FMT  \\$a  SE
=019  1\$ar6865119
=040  \\$aUk$cUk$dUk
=082  04$a338.740941$219
=110  2\$aScapa Group.
=240  10$aReport and accounts (Scapa Group)
=245  10$aReport and accounts /$cScapa Group plc.
=246  13$aAnnual report and accounts
=260  \\$aBlackburn :$bScapa Group plc,$c[19_]-
=300  \\$av. :$bcol.ill. ;$c30cm.
=310  \\$aAnnual
=336  \\$atext$2rdacontent
=337  \\$aunmediated$2rdamedia
=338  \\$avolume$2rdacarrier
=362  0\$a[19_]-
=500  \\$aTitle varies.
=588  \\$aDescription based on: 1982 issue.
=588  \\$aLatest issue consulted: Annual report and accounts 2012 issue.
=610  20$aScapa Group$vPeriodicals.
=650  \0$aCorporation reports$zGreat Britain$vPeriodicals.
=650  \0$aBusiness planning$zGreat Britain$vPeriodicals.
=653  \\$aGreat Britain$aCompanies$aSerials
=690  7\$aManagement and Business Studies$2blcoll
=852  41$aBritish Library$bHMNTS$jP.513/2988$31982-
=852  41$aBritish Library$bSTI$cBIPC$kBIS$32005-
=957  \\$a820908c
=985  \\$aExisting record for a PLC annual report. All [Annual reports, financial reports, etc.] for Scapa Group plc to be accessioned here until body name changes and a new style Company financial reports record can be created
=CAT  \\$aCONV$b00$c20040425$lBLL90$h0753
=CAT  \\$aCONV$b00$c20040502$lBLL01$h1407
=CAT  \\$aBATCH$b00$c20090619$lBLL01$h1828
=CAT  \\$aBATCH$b00$c20091122$lBLL01$h1526
=CAT  \\$a8124$b40$c20120725$lBLL01$h1435
=CAT  \\$a8871$b40$c20120810$lBLL01$h1307
=CAT  \\$a8124$b40$c20120830$lBLL01$h1456
=FIN  \\$aY
=LEO  \\$aMP13.0001196097
=SRC  \\$aHSS01$bbibmp13.200404.2.ab
=TCO  \\$aCLA$bCLA$c008
=LAS  \\$a8124$b40$c20120830$lBLL01$h1456

