=LDR  01056 am a2200337ui 4500
=001  010667867
=003  Uk
=005  20091210022500.0
=008  780629s1977\\\\enk\\\\||\\\\o000\||eng\\
=FMT  \\$a  BK
=019  1\$a0104084774
=020  \\$a0104084774
=040  \\$aUk$cUk
=110  1\$aGreat Britain.$bParliament.$bHouse of Lords.$bWorking Group on the House of Lords Library.
=245  10$aReport /$cWorking Group on the House of Lords Library.
=260  \\$aLondon :$bHMSO,$c1977.
=300  \\$a38p. ;$c24cm.
=336  \\$atext$2rdacontent
=337  \\$aunmediated$2rdamedia
=338  \\$avolume$2rdacarrier
=852  11$aBritish Library$bDSC$cQ$h027.5
=852  41$aBritish Library$bHMNTS$jBS:96/80
=957  \\$a770329C
=CAT  \\$aCONV$b00$c20040425$lBLL90$h0758
=CAT  \\$aCONV$b00$c20040502$lBLL01$h1407
=CAT  \\$aglobal_upd$b40$c20060417$lBLL01$h1748
=CAT  \\$aBATCH$b00$c20091210$lBLL01$h0225
=FIN  \\$aY
=LEO  \\$aMP13.0001377080
=SRC  \\$aHSS01$bbibmp13.200404.2.ac
=LAS  \\$aBATCH$b00$c20091210$lBLL01$h0225

