=LDR  02228 am a2200577ui 4500
=001  010671373
=003  Uk
=005  20091210022600.0
=008  761119s1976\\\\enkak\\\|\\\\f000\|\eng\\
=FMT  \\$a  BK
=015  \\$aGB7633806$2bnb
=019  y\$aB7633806
=019  9\$a0117003131
=019  2\$a0117003131
=020  \\$a0117003131 (sd) :$c£1.20
=040  \\$aUk$cUk
=043  \\$ae-uk---
=050  00$aZ675.U5
=082  04$a338.4/3$218
=245  00$aCapital provision for university libraries :$breport of a working party.
=260  \\$aLondon :$bH.M.S.O.,$c1976.
=300  \\$a42p. :$bill., 1form ;$c30cm.
=336  \\$atext$2rdacontent
=337  \\$aunmediated$2rdamedia
=338  \\$avolume$2rdacarrier
=500  \\$a' ... in 1975 ... the [University Grants] Committee established a Working Party under the Chairmanship of Professor Richard Atkinson ... ' - Foreword.
=597  \\$aDLC$b77357102 //r922
=650  \0$aAcademic libraries$zGreat Britain$xAdministration.
=653  \\$aGreat Britain$aUniversities$aLibraries$aFinancing
=690  7\$aManagement and Business Studies$2blcoll
=700  1\$aAtkinson, Richard John Copland.
=710  1\$aGreat Britain.$bUniversity Grants Committee.
=886  2\$2ukmarc$a910$b10$aGreat Britain$cDepartment of Education and Science$cUniversity Grants Committee$xSee$aGreat Britain.$xUniversity Grants Committee$z710
=886  2\$2ukmarc$a910$b20$aUniversity Grants Committee$eGreat Britain$xSee$aGreat Britain.$xUniversity Grants Committee$z710
=886  2\$2blmarc$a967$b00$gx
=852  41$aBritish Library$bDSC$jOP-76/UGC
=852  11$aBritish Library$bDSC$cQ$h027.7
=852  41$aBritish Library$bHMNTS$jBS.44/459
=852  41$aBritish Library$bOC$jW 4232$3[Another copy.]
=957  \\$a760914c
=CAT  \\$aCONV$b00$c20040425$lBLL90$h0758
=CAT  \\$aCONV$b00$c20040502$lBLL01$h1407
=CAT  \\$aglobal_upd$b40$c20060417$lBLL01$h1748
=CAT  \\$aBATCH$b00$c20090619$lBLL01$h1829
=CAT  \\$aBATCH$b00$c20091210$lBLL01$h0226
=FIN  \\$aY
=LEO  \\$aMP3.0000026037
=LEO  \\$aMP13.0001380897
=SRC  \\$aBNB02$bbibmp3.200404.2.aa
=SRC  \\$aHSS01$bbibmp13.200404.2.ac
=LAS  \\$aBATCH$b00$c20091210$lBLL01$h0226

