=LDR  01449 am a2200469ua 4500
=001  010746886
=003  Uk
=005  20091122160100.0
=008  850930s1985\\\\enk\\\\||\\\\\001\||eng\\
=FMT  \\$a  BK
=015  \\$aGB8444423$2bnb
=019  y\$ab8444423
=019  9\$a0863250467
=019  1\$a0863250467
=020  \\$a0863250467 (pbk) :$c£12.00
=039  0\$a1860
=040  \\$aUk$cUk
=043  \\$ae-uk---
=050  00$aHF5549.5.R44
=082  04$a658.3/11/0941$219
=245  00$aRecruitment and selection.
=260  \\$aBicester :$bCCH Editions,$cc1985.
=300  \\$av,141p. :$bill., forms ;$c23cm.
=336  \\$atext$2rdacontent
=337  \\$aunmediated$2rdamedia
=338  \\$avolume$2rdacarrier
=490  0\$aPersonnel management in practice,$x0267-2758 ;$v1
=650  \0$aRecruiting of employees$zGreat Britain.
=653  \\$aGreat Britain$aPersonnel$aRecruitment & selection
=690  7\$aManagement and Business Studies$2blcoll
=852  41$aBritish Library$bDSC$m85/11160
=852  41$aBritish Library$bHMNTS$jX.529/71541
=CAT  \\$aCONV$b00$c20040425$lBLL90$h0824
=CAT  \\$aCONV$b00$c20040502$lBLL01$h1410
=CAT  \\$aBATCH$b00$c20090619$lBLL01$h1832
=CAT  \\$aBATCH$b00$c20091122$lBLL01$h1601
=FIN  \\$aY
=LEO  \\$aMP5.0001283986
=LEO  \\$aMP13.0002124433
=SRC  \\$aBNB03$bbibmp5.200404.2.ac
=SRC  \\$aHSS01$bbibmp13.200404.2.ad
=LAS  \\$aBATCH$b00$c20091122$lBLL01$h1601

