=LDR  02195pam a2200661 a 4500
=001  010761826
=003  Uk
=005  20160927113712.0
=008  040223m20039999enka\\\\\\\\\\000\1\eng\\
=FMT  \\$a  BK
=015  \\$aGBA2T6398$2bnb
=016  7\$a010761826$2Uk
=019  y\$abA2T6398
=019  9\$a1840235942
=019  1\$a1840235942
=020  \\$a1840235942 (v. 1 : pbk.) :$c£10.99
=020  \\$a1840235993 (v. 2 : pbk.) :$c£10.99
=020  \\$a184023735X (v. 3 : pbk.) :$c£9.99
=039  0\$a2781
=040  \\$aStDuBDS$dUk
=042  \\$aukblsr
=082  04$a741.5973$222
=245  00$aBruce Wayne: fugitive /$cDevin Grayson ... [et al.], writers ; Roger Robinson ... [et al.] pencillers, inkers, colorists, letterers.
=260  \\$aNew York :$bDC Comics ;$a[London :$bTitan],$c2003-
=300  \\$av. :$bcol. ill. ;$c26 cm.
=336  \\$atext$2rdacontent
=337  \\$aunmediated$2rdamedia
=338  \\$avolume$2rdacarrier
=490  1\$aBatman
=500  \\$avol. 2 Ed Brubaker ... [et al.].
=500  \\$avol. 3 Greg Rucka ... [et al.].
=500  \\$aFormerly CIP.$5Uk
=600  00$aBatman$c(Fictitious character)$vComic books, strips, etc.$vFiction.
=650  \0$aScience fiction comic books, strips, etc.
=700  1\$aGrayson, Devin K.
=700  1\$aRobinson, Roger.
=700  1\$aBrubaker, Ed.
=700  1\$aRucka, Greg.
=830  \0$aBatman
=852  41$aBritish Library$bHMNTS$jYK.2005.b.6188$ivol. 2
=852  41$aBritish Library$bHMNTS$ivol. 1
=CAT  \\$aCONV$b00$c20040425$lBLL90$h0829
=CAT  \\$aCONV$b00$c20040502$lBLL01$h1411
=CAT  \\$a10932$b40$c20051121$lBLL01$h1739
=CAT  \\$a10932$b40$c20051125$lBLL01$h1133
=CAT  \\$aBATCH$b00$c20091210$lBLL01$h0230
=CAT  \\$aBATCH$b00$c20091217$lBLL01$h0203
=CAT  \\$aWR16_021$c20160609$lBLL01$h1957
=CAT  \\$a5194$b40$c20160927$lBLL01$h1137
=FIN  \\$aY$d20051125
=LEO  \\$aMP5.0000371880
=LEO  \\$aMP13.0002305884
=LEO  \\$aMP5.0000371884
=LEO  \\$aMP5.0000371986
=SRC  \\$aBNB03$bbibmp5.200404.2.aa
=SRC  \\$aHSS01$bbibmp13.200404.2.ad
=SRC  \\$aLDS01$bbiblm.200404.2.aa
=LAS  \\$a5194$b40$c20160927$lBLL01$h1137

