=LDR  02327cam a2200613ua 4500
=001  010765962
=003  Uk
=005  20221231195523.0
=008  031222s2003\\\\enk\\\\||\\\\\000\||eng\\
=FMT  \\$a  BK
=015  \\$aGBA3W3405$2bnb
=019  y\$abA3W3405
=019  9\$a184113287x
=019  1\$a184113287x
=020  \\$a184113287X (pbk.) :$c£20.00
=039  0\$a2773
=040  \\$aStDuBDS$dUk
=082  04$a342.41085$222
=245  00$aDelivering rights :$bhow the Human Rights Act is working /$cedited by Jeffrey Jowell and Jonathan Cooper.
=260  \\$aOxford :$bHart,$c2003.
=300  \\$axiv, 207 p. ;$c22 cm.
=336  \\$atext$2rdacontent
=337  \\$aunmediated$2rdamedia
=338  \\$avolume$2rdacarrier
=540  \\$aCurrent Copyright Fee: GBP30.00$c0$5Uk
=610  14$aGreat Britain.$tHuman Rights Act 1998.
=650  \0$aCivil rights$zGreat Britain.
=700  1\$aJowell, J. L.$q(Jeffrey Lionel),$d1938-
=700  1\$aCooper, Jonathan.
=886  2\$2ukmarc$a910$b10$aUnited Kingdom$xSee$aGreat Britain$z610
=886  2\$2ukmarc$a910$b10$aEngland$xSee also$aGreat Britain$z610
=886  2\$2ukmarc$a910$b10$aScotland$xSee also$aGreat Britain$z610
=886  2\$2ukmarc$a910$b10$aWales$xSee also$aGreat Britain$z610
=886  2\$2ukmarc$a910$b10$aNorthern Ireland$xSee also$aGreat Britain$z610
=886  2\$2ukmarc$a910$b10$aEngland and Wales$xSee also$aGreat Britain$z610
=886  2\$2ukmarc$a900$b10$aJowell$hJeffrey$xSee$aJowell, J. L. (Jeffrey Lionel),$x1938-$z700
=852  41$aBritish Library$bDSC$jm04/.34445
=852  11$aBritish Library$bHMNTS$kSPIS$h342.41085$qCopy at SPIS 342.41085. Missing.
=957  \\$r17/12/03$tM/36906-25
=CAT  \\$aCONV$b00$c20040425$lBLL90$h0829
=CAT  \\$aCONV$b00$c20040502$lBLL01$h1411
=CAT  \\$a6605$b40$c20041102$lBLL01$h1149
=CAT  \\$aBATCH$b00$c20091122$lBLL01$h1609
=CAT  \\$aBATCH-CLAB$c20221217$lBLL01$h1733
=CAT  \\$aIPL-CLA$c20221231$lBLL01$h1955
=CFI  0\$aCurrent Copyright Fee: GBP30.00$c0$e01-jan-2023$fGBP30.00$g0$hC$5Uk
=FIN  \\$aY
=LDO  \\$aCIP$bpbk
=LEO  \\$aMP5.0000376938
=LEO  \\$aMP13.0002310069
=SRC  \\$aLDS01$bbiblm.200404.2.aa
=SRC  \\$aBNB03$bbibmp5.200404.2.aa
=SRC  \\$aHSS01$bbibmp13.200404.2.ad
=LAS  \\$aIPL-CLA$b00$c20221231$lBLL01$h1955

