=LDR  02048 am a22006373u 4500
=001  010967631
=003  Uk
=005  20150410214100.0
=008  720901s1972\\\\enk\\\\\|\\\\\000\|\eng\\
=FMT  \\$a  BK
=010  \\$a72178714
=015  \\$aGB7222771$2bnb
=019  y\$aB7222771
=019  9\$a0853452059
=019  u\$aG11301376
=019  u\$aG11305185
=020  \\$a0853452059 :$c£2.00
=040  \\$aUk$cUk
=041  1\$aeng$hfre
=050  00$aJV51
=082  04$a325/.31$218
=100  1\$aCésaire, Aimé.
=240  10$aDiscours sur le colonialisme
=245  10$aDiscourse on colonialism /$cAimé Césaire ; translated [from the French] by Joan Pinkham.
=260  \\$aNew York ;$aLondon :$bMonthly Review Press,$c1972.
=300  \\$a79p. ;$c21cm.
=336  \\$atext$2rdacontent
=337  \\$aunmediated$2rdamedia
=338  \\$avolume$2rdacarrier
=500  \\$aTranslation of 'Discours sur le colonialisme'. Paris: Editions présence africaine, 1955.
=597  \\$aDLC$b72178714 //r83
=650  \0$aColonies.
=653  \\$aColonial administration
=700  1\$aPinkham, Joan.
=852  4\$aBritish Library$bDSC$jW63/5957
=852  4\$aBritish Library$bDSC$x72/6207
=852  4\$aBritish Library$bDSC$j72/6207
=852  41$aBritish Library$bDSC$jW63/5957
=852  41$aBritish Library$bDSC$j72/6207
=CAT  \\$aCONV$b00$c20040425$lBLL90$h0528
=CAT  \\$aCONV$b00$c20040502$lBLL01$h1419
=CAT  \\$aglobal_upd$b40$c20060417$lBLL01$h1136
=CAT  \\$aUCB-HOL$b00$c20070906$lBLL01$h1619
=CAT  \\$aBATCH$b00$c20070906$lBLL01$h1955
=CAT  \\$aBATCH$b00$c20071122$lBLL01$h0940
=CAT  \\$aBATCH$b00$c20091210$lBLL01$h0352
=CAT  \\$a6066$b40$c20121113$lBLL01$h1558
=CAT  \\$aBATCH-UPD$b40$c20150410$lBLL01$h2141
=FIN  \\$aY
=LEO  \\$aMP3.0000149630
=LEO  \\$aMP34.0000468200
=LEO  \\$aMP34.0000472006
=SRC  \\$aBNB02$bbibmp3.200404.2.aa
=SRC  \\$aUCB01$bbibmp34.200404.2.aa
=SRC  \\$aUCB 2007
=LAS  \\$aBATCH-UPD$b40$c20150410$lBLL01$h2141

