=LDR  01290 am a22003853u 4500
=001  011083683
=003  Uk
=005  20061202153240.0
=008  010703s2001\\\\lu\abc\||\\\\o000\||eng\\
=FMT  \\$a  BK
=019  a\$aG07238907
=020  \\$a9289404906
=040  \\$aUk$cUk
=082  04$a341.2422$222
=245  04$aThe institutions and bodies of the European Union :$bwho's who in the European Union? : what difference will the Treaty of Nice make?.
=260  \\$a[Luxembourg?] :$bEuropean Commission,$c2001.
=300  \\$a23 p.
=336  \\$atext$2rdacontent
=337  \\$aunmediated$2rdamedia
=338  \\$avolume$2rdacarrier
=504  \\$aIncludes bibliographical references.
=710  2\$aEuropean Commission.
=852  41$aBritish Library$bHMNTS$jEU341.2422
=852  41$aBritish Library$bDSC$i9312.36746
=945  \\$aWhos who in the European Union ; 2001
=CAT  \\$aCONV$b00$c20040425$lBLL90$h0653
=CAT  \\$aCONV$b00$c20040502$lBLL01$h1422
=CAT  \\$aglobal_upd$b40$c20060417$lBLL01$h1203
=CAT  \\$a6989$b40$c20061202$lBLL01$h1532
=CAT  \\$aBATCH$b00$c20091210$lBLL01$h0419
=CAT  \\$aBATCH$b00$c20091214$lBLL01$h0617
=FIN  \\$aY
=LEO  \\$aMP8.0001725744
=SRC  \\$aDSC01$bbibmp8.200404.2.ac
=LAS  \\$aBATCH$b00$c20091214$lBLL01$h0617

