=LDR  01371 am a2200409ua 4500
=001  012528386
=003  Uk
=005  20091123021000.0
=008  930108s1992\\\\cs\\\\\||\\\\\000\||slo\d
=019  1\$aoc28867879
=020  \\$a807094269X
=040  \\$aHLS$cHLS$dBLX$dUk
=100  1\$aKrekovičová, Eva.
=245  10$aSlovenské koledy :$bod Štedrého večera do Troch král̕ov = Slowakische Weihnachtslieder = Slovak Carols /$cEva Krekovičová.
=250  \\$aVyd.1.
=260  \\$aBratislava :$bPráca,$c1992.
=300  \\$a183 p. :$bill. (some col.), music ;$c25 cm.
=336  \\$atext$2rdacontent
=337  \\$aunmediated$2rdamedia
=338  \\$avolume$2rdacarrier
=504  \\$aBibliography: p. 182-183.
=650  \0$aCarols, Slovak.
=700  1\$aKrekovičová, Eva.$tSlowakische Weihnachtslieder.
=700  1\$aKrekovičová, Eva.$tSlovak carols.
=740  0\$aSlovak carols.
=740  0\$aSlowakische Weihnatchslieder.
=852  41$aBritish Library$bMUSIC$oE.1925.b.
=852  41$aBritish Library$bHMNTS$jYA.1993.b.11290
=957  \\$a930430d
=CAT  \\$aCONV$b00$c20040425$lBLL90$h0736
=CAT  \\$aCONV$b00$c20040502$lBLL01$h1511
=CAT  \\$aBATCH$b00$c20091123$lBLL01$h0210
=FIN  \\$aY
=FMT  \\$a  BK
=LAS  \\$aBATCH$b00$c20091123$lBLL01$h0210
=LEO  \\$aMP13.0000699781
=SRC  \\$aHSS01$bbibmp13.200404.2.ab

