=LDR  02587 am a2200697 a 4500
=001  008087887
=003  Uk
=005  20100625135738.0
=008  030515m20039999enka\\\\\b\\\\000\0\eng\\
=FMT  \\$a  BK
=015  \\$aGBA336750$2bnb
=016  7\$a008087887$2Uk
=019  y\$abA336750
=019  9\$a0715149954
=019  1\$a0715149954
=020  \\$a0715149954 (stage 1 : pbk.) :$c£5.95
=020  \\$a0715149946 (stage 2 : pbk.) :$c£22.50
=020  \\$a9780715142288 (stage 2 : pbk.)
=020  \\$a0715140329 (stage 3 : pbk.) :$c£22.50
=020  \\$a0715140140 (stage 3 : pbk.) :$c£22.50
=020  \\$a071514006X (stage 3 : pbk.) :$c£22.50
=039  0\$a2742
=040  \\$aUk$cUk
=082  04$a248.4$222
=245  00$aEmmaus :$bthe way of faith /$cStephen Cottrell ...[et al.].
=250  \\$a2nd ed.
=260  \\$aLondon :$bChurch House Publishing,$c2003-
=300  \\$av. :$bill. ;$c21 cm. +$eCD-ROMs.
=336  \\$atext$2rdacontent
=337  \\$aunmediated$2rdamedia
=338  \\$avolume$2rdacarrier
=500  \\$aPrevious ed.: London : The National Society, 1996.
=504  \\$aIncludes bibliographical references.
=505  0\$astage. 1. Contact : connecting with people where they are -- stage. 2. Nurture : a 15 session course for exploring the christian faith -- stage 3. Growth : knowing God -- stage. 3. Growth : growing as a Christian -- stage. 3. Growth : Christian lifestyle.
=650  \0$aChristian life.
=650  \0$aChristianity.
=700  1\$aCottrell, Stephen.
=852  41$aBritish Library$bHMNTS$jEMC.2010.b.257$istage 2
=852  41$aBritish Library$bHMNTS$jEMC.2006.b.320$istage. 3
=852  41$aBritish Library$bHMNTS$istage. 3
=852  41$aBritish Library$bHMNTS$jEMC.2004.b.39$istage. 3
=852  41$aBritish Library$bHMNTS$jEMC.2004.b.102$istage. 2
=852  41$aBritish Library$bHMNTS$jYK.2003.a.10763$istage. 1
=CAT  \\$aCONV$b00$c20040425$lBLL90$h0811
=CAT  \\$aCONV$b00$c20040502$lBLL01$h1240
=CAT  \\$a10932$b40$c20060109$lBLL01$h1622
=CAT  \\$aBATCH$b00$c20091208$lBLL01$h0331
=CAT  \\$a8387$b40$c20100625$lBLL01$h1357
=CAT  \\$aWR16_021$c20160609$lBLL01$h1948
=FIN  \\$aY$d20060109
=LEO  \\$aMP5.0000203654
=LEO  \\$aMP13.0001851325
=LEO  \\$aMP5.0000203653
=LEO  \\$aMP13.0001851324
=LEO  \\$aMP5.0000203600
=LEO  \\$aMP5.0000203595
=LEO  \\$aMP13.0001851192
=SRC  \\$aHSS01$bbibmp13.200404.2.ad
=SRC  \\$aLDS01$bbiblm.200404.2.aa
=SRC  \\$aBNB03$bbibmp5.200404.2.aa
=LAS  \\$aWR16_021$b00$c20160609$lBLL01$h1948

