=LDR  02299aam a2200625 a 4500
=001  008220888
=003  Uk
=005  20070125110625.0
=008  900425m19891992xxuab\\\\b\\\\001\0\eng\\
=FMT  \\$a  BK
=010  \\$a89005017
=015  \\$aGBA707345$2bnb
=016  7\$a008220888$2Uk
=019  0\$as566211009
=020  \\$a0893380261 (v.1) :$cNo price
=020  \\$a089338027X (v.1 : pbk.) :$cNo price
=020  \\$a0893380393 (v.2) :$cNo price
=020  \\$a0893380407 (v.2 : pbk. ) :$cNo price
=040  \\$aUk$beng$cUk
=042  \\$aukblsr
=082  04$a598.09781$222
=084  \\$aGC 794$2blsrissc
=100  10$aThompson, Max C.
=245  10$aBirds in Kansas /$cMax C. Thompson & Charles Ely.
=260  \\$aLawrence, Kansas :$bUniversity of Kansas, Museum of Natural History,$c1989-1992
=300  \\$a2 v. :$bill., maps ;$c23 cm.
=336  \\$atext$2rdacontent
=337  \\$aunmediated$2rdamedia
=338  \\$avolume$2rdacarrier
=490  1\$aPublic education series (University of Kansas Museum of Natural History) ;$vno. 11, 12
=504  \\$aIncludes bibliographical references and index.
=650  \0$aMammals$zWyoming.
=650  \0$aBirds$zKansas$xIdentification.
=650  \0$aBirds$zKansas$xGeographical distribution.
=700  1\$aEly, Charles A.$d1933-$q(Charles Adelbert),
=710  2\$aUniversity of Kansas.$bMuseum of Natural History.
=830  \0$aPublic education series (University of Kansas Museum of Natural History) ;$vno. 11, 12
=852  41$aBritish Library$bHMNTS$jYKL.2016.a.3195
=852  71$aBritish Library$bSTI$ivol. 1$2blsrissc
=CAT  \\$aCONV$b00$c20040425$lBLL90$h0857
=CAT  \\$aCONV$b00$c20040502$lBLL01$h1245
=CAT  \\$a8178$b40$c20070122$lBLL01$h1437
=CAT  \\$a8178$b40$c20070122$lBLL01$h1449
=CAT  \\$a11070$b40$c20070124$lBLL01$h1028
=CAT  \\$a11070$b40$c20070124$lBLL01$h1103
=CAT  \\$a11070$b40$c20070125$lBLL01$h1106
=CAT  \\$c20090820$lBLL01$h1646
=CAT  \\$aBATCH$b00$c20091122$lBLL01$h0013
=CAT  \\$aBATCH$b00$c20091216$lBLL01$h2355
=CAT  \\$aBATCH-UPD$b00$c20141214$lBLL01$h0028
=CAT  \\$aWR16_021$c20160609$lBLL01$h1948
=FIN  \\$aY
=LEO  \\$aMP25.0000256982
=SRC  \\$aSRI01$bbibmp25.200404.2.aa
=LAS  \\$aWR16_021$b00$c20160609$lBLL01$h1948

