=LDR  03103 am a2200685 i 4500
=001  008294661
=003  Uk
=005  20180628103822.0
=008  030228m19939999gw\ab\\\\b\\\|0|1\0|ger\d
=FMT  \\$a  BK
=020  \\$a9783447039819 (v. 1)
=020  \\$a3447039817 (v. 1)
=020  \\$a9783447104524 (v. 2)
=035  \\$a(OCoLC)51770785
=040  \\$aOHX$beng$cOHX$dOCLCQ$dMUU$dUk$erda
=041  0\$ager$aeng
=042  \\$aukblsr
=050  \4$aDS154.9.U85$bG33 1993
=072  \7$aDS$2lcco
=072  \7$aNA$2lcco
=245  00$aGadara :$bUmm Qēs.
=264  \1$aWiesbaden :$bHarrassowitz in Kommission,$c[1993]-
=300  \\$avolumes :$billustrations (black and white), maps (black and white) ;$c31 cm.
=336  \\$atext$2rdacontent
=337  \\$aunmediated$2rdamedia
=338  \\$avolume$2rdacarrier
=490  1\$aAbhandlungen des Deutschen Palästinavereins,$x0173-1904 ;$vBd. 30
=505  1\$a1. Gadara Decapolitana : Untersuchungen zur Topographie, Geschichte, Architektur und der Bildenden Kunst einer "Polis Hellenis" im Ostjordanland / Thomas Maria Weber -- 2. The twin churches on the Roman-Byzantine terrace and excavations in the streets / edited by Karel J.H. Vriezen and Ute Wagner-Lux ; with contributions by J. Dijkstra [and 10 others].
=546  \\$aVolume 1: German with Arabic, French, and Greek words; volume 2: German or English.
=500  \\$a"Ausgrabungen des Deutschen Evangelischen Instituts für Altertumswissenschaften des Heiligen Landes und des Deutschen Archäologischen Instituts".
=502  \\$av. 1 is the author's revised thesis--Universität, Mainz, 1995.
=504  \\$aIncludes bibliographical references and indexes.
=650  \0$aExcavations (Archaeology)$zJordan$zUmm Qays.
=651  \0$aUmm Qays (Jordan)$xAntiquities.
=700  1\$aWeber-Karyotakis, Thomas Maria,$d1953-
=700  1\$aVriezen, Karel J. H.,$eeditor.
=700  1\$aWagner-Lux, Ute,$eeditor.
=710  2\$aDeutscher Verein zur Erforschung Palästinas.
=710  2\$aDeutsches Evangelisches Institut für Altertumswissenschaft des Heiligen Landes.
=710  2\$aDeutsches Archäologisches Institut.
=830  \0$aAbhandlungen des Deutschen Palästinavereins,$x0173-1904 ;$vBd. 30.
=852  41$aBritish Library$bHMNTS$jYD.2016.b.469$ivol. 2
=852  41$aBritish Library$bHMNTS$mYF.2008.b.1420
=852  41$aBritish Library$bHMNTS$jYF.2008.b.1370
=957  \\$r09/07/2003
=CAT  \\$aCONV$b00$c20040425$lBLL90$h0916
=CAT  \\$aCONV$b00$c20040502$lBLL01$h1246
=CAT  \\$aBATCH-UPD$b00$c20060904$lBLL01$h2043
=CAT  \\$a11069$b40$c20080430$lBLL01$h1027
=CAT  \\$a11069$b40$c20080430$lBLL01$h1028
=CAT  \\$aBATCH-UPD$b40$c20090224$lBLL01$h0411
=CAT  \\$aBATCH$b00$c20091209$lBLL01$h0112
=CAT  \\$aBATCH$b00$c20091216$lBLL01$h2356
=CAT  \\$a11250$b40$c20160505$lBLL01$h1228
=CAT  \\$aW1707-0052$c20170703$lBLL01$h1841
=CAT  \\$a11069$b40$c20180628$lBLL01$h1038
=FIN  \\$aY$d20080430
=SID  \\$aZ39$bOCLC
=SRC  \\$aMOP02$bbibm2.200404.2.aa
=LAS  \\$a11069$b40$c20180628$lBLL01$h1038

