=LDR  03567 am a2200853 a 4500
=001  008376115
=003  Uk
=005  20101103115020.0
=008  050802s2005\\\\ie\a\\\\\b\\\o000\0\eng\c
=FMT  \\$a  BK
=015  \\$aGBA569847$2bnb
=016  7\$a008376115$2Uk
=020  \\$a0707637716 (pt. A : pbk.)
=020  \\$a0707637724 (pt. B : pbk.)
=020  \\$a0755716663 (pt. C : pbk.)
=020  \\$a0707664640 (pt. D : pbk.)
=020  \\$a0707637759 (pt. E : pbk.)
=020  \\$a0707637767 (pt. F : pbk.)
=020  \\$a0707637775 (pt. G : pbk.)
=020  \\$a0707637783 (pt. H : pbk.)
=020  \\$a0707637791 (pt. J : pbk.)
=020  \\$a0707637805 (pt. K : pbk.)
=020  \\$a0707637813 (pt. L : pbk.)
=020  \\$a070766487X (pt. M : pbk.)
=035  \\$a(IeDuTC)IeDuTCb13948102
=040  \\$aIeDuTC$beng$cUk$dUk
=042  \\$aukscp
=082  04$a343.41707869$222
=110  1\$aIreland.$bDepartment of the Environment, Heritage and Local Government.
=245  10$aBuilding Regulations 1997 :$btechnical guidance document /$cDepartment of the Environment, Heritage and Local Government.
=250  \\$aRepr. ed. /$bamendments & corrections incorporated.
=260  \\$aDublin :$bStationery Office,$c2005.
=300  \\$a12 v. :$bill. ;$c30 cm.
=336  \\$atext$2rdacontent
=337  \\$aunmediated$2rdamedia
=338  \\$avolume$2rdacarrier
=505  0\$apt. A. Structure -- pt. B. Fire safety -- pt. C. Site preparation and resistance to moisture -- pt. D. Materials and workmanship -- pt. E. Sound -- pt. F. Ventilation -- pt. G. Hygiene -- pt. H. Drainage and waste water disposal -- pt. J. Heat producing appliances -- pt. K. Stairways, ladders, ramps and guards -- pt. L. Conservation of fuel and energy -- pt. M. Access for people with disabilities.
=504  \\$aIncludes bibliographical references.
=650  \0$aBuilding laws$zIreland.
=852  41$aBritish Library$bHMNTS$jOPA.2010.x.1742$ipt. E
=852  41$aBritish Library$bHMNTS$jYC.2007.b.172$ipt. C
=852  41$aBritish Library$bHMNTS$ipt. B
=852  41$aBritish Library$bHMNTS$jOPA.2010.x.1739$ipt. J
=852  41$aBritish Library$bHMNTS$jOPA.2010.x.1738$ipt. K
=852  41$aBritish Library$bHMNTS$jOPA.2010.x.1737$ipt. L
=852  41$aBritish Library$bHMNTS$jOPA.2010.x.1743$ipt. A
=852  41$aBritish Library$bHMNTS$jOPA.2010.x.1741$ipt. G
=852  41$aBritish Library$bHMNTS$jOPA.2010.x.1740$ipt. H
=985  \\$aLDL record matched & merged
=985  \\$aRecord amended for WR# 13/070
=CAT  \\$aCONV$b00$c20040425$lBLL90$h0532
=CAT  \\$c20050808$lBLL01$h2310
=CAT  \\$aBATCH-LDL$b00$c20050808$lBLL01$h2310
=CAT  \\$a11249$b40$c20050817$lBLL01$h1204
=CAT  \\$a11249$b40$c20050817$lBLL01$h1207
=CAT  \\$a11249$b40$c20050817$lBLL01$h1211
=CAT  \\$a11249$b40$c20050817$lBLL01$h1214
=CAT  \\$a11249$b40$c20050817$lBLL01$h1344
=CAT  \\$aBATCH-UPD$b40$c20060725$lBLL01$h2021
=CAT  \\$a6989$b40$c20101103$lBLL01$h1026
=CAT  \\$a6989$b40$c20101103$lBLL01$h1031
=CAT  \\$a6989$b40$c20101103$lBLL01$h1138
=CAT  \\$a6989$b40$c20101103$lBLL01$h1150
=CAT  \\$aWR13_070$b00$c20130504$lBLL01$h0155
=CAT  \\$aWR13_070C$c20130611$lBLL01$h1848
=CAT  \\$aWR16_021$c20160609$lBLL01$h1948
=FIN  \\$aY$d20050817
=LEO  \\$aMP5.0000193375
=LEO  \\$aMP5.0001650594
=LEO  \\$aMP5.0000193386
=LEO  \\$aMP5.0001650604
=SRC  \\$aBNB03$bbibmp5.200404.2.aa
=SRC  \\$aBNB03$bbibmp5.200404.2.ac
=LAS  \\$aWR16_021$b00$c20160609$lBLL01$h1948

