=LDR  03244 as a2200781 a 4500
=001  008528703
=003  Uk
=005  20140703124946.0
=007  ta
=008  040409d19611992ag\mr\p\\\\\\\0\\\b0spa\\
=FMT  \\$a  SE
=019  c\$a2070286
=019  x\$a2540890172
=022  0\$a0015-0592
=040  \\$aUk$cUk$dUk
=082  04$a016.46
=222  \0$aFichero bibliográfico hispanoamericano
=245  00$aFichero bibliográfico hispanoamericano.
=264  \1$aNew York,$c1961-.
=300  \\$a31 volumes ;$c24 cm
=310  \\$aMonthly,$b<1975->
=321  \\$aQuarterly,$b1961-
=336  \\$atext$2rdacontent
=337  \\$aunmediated$2rdamedia
=338  \\$avolume$2rdacarrier
=362  0\$av. 1-v. 31, no. 3; oct. 1961-marzo 1992.
=515  \\$aFirst issue (v. 1, no. 0) called Edición preliminar.
=540  \\$aBritish Library not licensed to copy$c0$5Uk
=651  \0$aAmerica$xImprints$vCatalogs$vPeriodicals.
=650  \0$aSpanish American literature$xBibliography$vCatalogs$vPeriodicals.
=852  41$aBritish Library$bSTI$cRES$k(GA) AA 441$m(S1) - F(2)$2blsrissc$3Vol. 1 (1961)-***UKRR-Excluded-Out of Scope
=852  41$aBritish Library$bDSC$j3918.260000$3UKRR-Excluded-Out of Scope
=852  41$aBritish Library$bHMNTS$jP.901/3259$3VOL.1, NO.1-VOL.31, NO.3 (VOL.5,NOS.8 & 9, VOL.10,NOS.3-5, VOL.11,NO.7, VOL.12,NO.3, VOL.13,NOS.9 & 10, VOL.26, NO.3 & NO.9, VOL.27,NO.6, VOL.28,NOS.4 & 10 MISSING)***UKRR-Excluded-Out of Scope
=945  \\$aFICHERO BIBLIOGRAFICO HISPANOAMERICANO.
=959  \\$fHeld but not currently received
=963  \\$aVOL. 12, 1972- 31(3), 1992 *A=1$bN$cL850.B.274
=985  \\$aRecord merged by DQ team
=985  \\$aCorrected by BSS-generated file for WR# 11/211
=985  \\$aCorrected by MS generated file for WR# 1805-0738
=A02  \\$a2070286
=CAT  \\$aCONV$b00$c20040425$lBLL90$h0703
=CAT  \\$aCONV$b00$c20040502$lBLL01$h1256
=CAT  \\$c20041008$lBLL01$h0029
=CAT  \\$aBATCH$b00$c20091209$lBLL01$h0211
=CAT  \\$aBATCH$b00$c20091214$lBLL01$h0328
=CAT  \\$aBATCH$b00$c20091216$lBLL01$h0108
=CAT  \\$aBATCH-UPD$b00$c20101201$lBLL01$h1216
=CAT  \\$aIPL-CLA$c20101231$lBLL01$h1224
=CAT  \\$a10_149CORR$c20110119$lBLL01$h1355
=CAT  \\$aBATCH-UPD$b00$c20110907$lBLL01$h1758
=CAT  \\$aIPL-CLA$c20110908$lBLL01$h1712
=CAT  \\$aBATCH-CLA$b00$c20121104$lBLL01$h1032
=CAT  \\$aWR13.005$c20130323$lBLL01$h1323
=CAT  \\$a8456$b40$c20140703$lBLL01$h1249
=CAT  \\$a1805-0738$c20181221$lBLL01$h1810
=CAT  \\$a1805-0738$b00$c20181221$lBLL01$h1853
=CFI  0\$aBritish Library not licensed to copy$c0$e07-sep-2011$hC$iTX$5Uk
=CFI  2\$aPrevious copyright fee: GBP10.50$c0$e01-jan-2011$fGBP10.50$g0$hA$5Uk
=FIN  \\$aY
=LEO  \\$aMP1.0003044612
=LEO  \\$aMP10.0000228506
=SRC  \\$aBLS01$bbibmp1.200404.2.ad
=SRC  \\$aDSS01$bbibmp10.200404.2.aa
=TCO  \\$aTRS$bCCC$c008
=ACF  \\$aPrevious copyright fee: GBP5.00$c0$e01-jul-2002$fGBP5.00$g0$hC$5Uk
=ACF  \\$aCurrent copyright fee: GBP4.40$c0$e01-jul-1998$fGBP4.40$g0$hA$5Uk
=ACF  \\$aCurrent copyright fee: GBP4.20$c0$e01-apr-1997$fGBP4.20$g0$hA$5Uk
=LAS  \\$a1805-0738$b00$c20181221$lBLL01$h1853

