=LDR  04510cas a2201117 a 4500
=001  008530198
=003  Uk
=005  20221231184947.0
=006  aa\\\|||||||||||||
=008  010925d19981999enkqr\p\\\\\\\0\\\a0eng\\
=FMT  \\$a  SE
=015  \\$aGB9863490$2bnb
=019  c\$a2576663
=019  y\$ab9863490
=019  9\$ab9863490
=019  1\$abld00G5848
=019  0\$as641692005
=039  0\$a2507
=040  \\$aUk$cUk
=082  04$a332.673094605$221
=084  \\$aAM 30(ESP)$2blsrissc
=245  00$aFinancing operations in Spain.
=260  \\$aNew York, N.Y. ;$aLondon :$bEconomist Intelligence Unit,$c1998-[1999?]
=300  \\$av. :$bill. ;$c27 cm.
=310  \\$aAnnual main report updated quarterly
=336  \\$atext$2rdacontent
=337  \\$aunmediated$2rdamedia
=338  \\$avolume$2rdacarrier
=362  0\$aJul. 1998-[1999?]
=530  \\$aAlso available on: CD-ROM, microfilm and online databases.
=540  \\$aCurrent Copyright Fee: GBP25.00$c0$5Uk
=650  \0$aInvestments, Foreign$zSpain$vPeriodicals.
=650  \0$aFinance$zSpain$vPeriodicals.
=651  \0$aSpain$xEconomic conditions$vPeriodicals.
=651  \0$aSpain$xEconomic policy$vPeriodicals.
=651  \0$aSpain$xCommerce$vPeriodicals.
=690  7\$aManagement and Business Studies$2blcoll
=710  2\$aEconomist Intelligence Unit (Great Britain)
=780  00$tFinancing foreign operations. Spain$x1352-5859
=785  00$tCountry finance. Spain
=852  71$aBritish Library$bSTI$cRES$2blsrissc$30000- ; Transferred to Humanities Collection***Earlier issues
=852  41$aBritish Library$bHMNTS$jZC.9.a.5967$3Jul. 1998-[1999?]
=945  \\$aFINANCING OPERATIONS IN SPAIN.
=957  \\$a980819c
=979  \\$aBritish Library$bDSC$j3927.275500N
=985  \\$aRecord merged by SUNCAT team
=A02  \\$a2576663
=CAT  \\$aCONV$b00$c20040425$lBLL90$h0703
=CAT  \\$aBATCH$b00$c20100401$lBLL01$h0356
=CAT  \\$aBATCH$b00$c20100401$lBLL01$h1403
=CAT  \\$aBATCH-UPD$b00$c20101124$lBLL01$h1749
=CAT  \\$aBATCH-UPD$b00$c20101125$lBLL01$h1011
=CAT  \\$a8456$b40$c20101208$lBLL01$h1325
=CAT  \\$a8456$b40$c20101208$lBLL01$h1330
=CAT  \\$aIPL-CLA$c20101231$lBLL01$h1225
=CAT  \\$aWR11_203$c20111204$lBLL01$h1313
=CAT  \\$aIPL-CLA$c20111230$lBLL01$h1727
=CAT  \\$aBATCH-CLA$b00$c20121104$lBLL01$h1031
=CAT  \\$aWR13.005$c20130323$lBLL01$h1323
=CAT  \\$aBATCH-CLA$c20131217$lBLL01$h1726
=CAT  \\$aIPL-CLA$c20131231$lBLL01$h1923
=CAT  \\$aWR14_140$c20140905$lBLL01$h1729
=CAT  \\$aBATCH-CLA$b00$c20161222$lBLL01$h1706
=CAT  \\$aIPL-CLA$c20161230$lBLL01$h1833
=CAT  \\$aBATCH-CLA$b00$c20171222$lBLL01$h2003
=CAT  \\$aIPL-CLA$c20171231$lBLL01$h1408
=CAT  \\$aBATCH-CLA$b00$c20191219$lBLL01$h1631
=CAT  \\$aIPL-CLA$c20191231$lBLL01$h1735
=CAT  \\$aR2001-1524$c20200127$lBLL01$h1928
=CAT  \\$aBATCH-CLA$b00$c20201204$lBLL01$h1427
=CAT  \\$aIPL-CLA$c20201231$lBLL01$h1934
=CAT  \\$aBATCH-CLA$b00$c20221221$lBLL01$h1731
=CAT  \\$aIPL-CLA$c20221231$lBLL01$h1849
=CFI  0\$aCurrent Copyright Fee: GBP25.00$c0$e01-jan-2023$fGBP25.00$g0$hA$5Uk
=CFI  2\$aPrevious Copyright Fee: GBP22.50$c0$e01-jan-2021$fGBP22.50$g0$hA$5Uk
=FIN  \\$aY
=LEO  \\$aMP5.0001502208
=LEO  \\$aMP13.0000079862
=LEO  \\$aMP25.0000325022
=LEO  \\$aMP10.0000230469
=SRC  \\$aBNB03$bbibmp5.200404.2.ac
=SRC  \\$aHSS01$bbibmp13.200404.2.aa
=SRC  \\$aSRI01$bbibmp25.200404.2.aa
=SRC  \\$aDSS01$bbibmp10.200404.2.aa
=TCO  \\$aCLA$bCLA$c008
=ACF  \\$aPrevious copyright fee: GBP9.00$c0$e01-apr-2010$fGBP9.00$g0$hA$5Uk
=ACF  \\$aPrevious copyright fee: GBP6.00$c0$e01-apr-2008$fGBP6.00$g0$hA$5Uk
=ACF  \\$aPrevious copyright fee: GBP5.00$c0$e01-jul-2002$fGBP5.00$g0$hA$5Uk
=ACF  \\$aCurrent copyright fee: GBP4.40$c0$e14-jan-1999$fGBP4.40$g0$hA$5Uk
=ACF  \\$aPrevious copyright fee: GBP10.50$c0$e01-jan-2011$fGBP10.50$g0$hA$5Uk
=ACF  \\$aPrevious copyright fee: GBP12.00$c0$e01-jan-2012$fGBP12.00$g0$hA$5Uk
=ACF  \\$aPrevious Copyright Fee: GBP12.30$c0$e01-jan-2014$fGBP12.30$g0$hA$5Uk
=ACF  \\$aPrevious Copyright Fee: GBP15.00$c0$e01-jan-2017$fGBP15.00$g0$hA$5Uk
=ACF  \\$aPrevious Copyright Fee: GBP17.50$c0$e01-jan-2018$fGBP17.50$g0$hA$5Uk
=ACF  \\$aPrevious Copyright Fee: GBP20.00$c0$e01-jan-2020$fGBP20.00$g0$hA$5Uk
=LAS  \\$aIPL-CLA$b00$c20221231$lBLL01$h1849

