=LDR  04594cas a2200973 a 4500
=001  008542393
=003  Uk
=005  20221231185157.0
=007  ta
=008  040409d19761976enkwr\\\\\a\\\0\\\a0eng\\
=FMT  \\$a  SE
=019  c\$a2075069
=040  \\$aUk$cUk$dUk
=245  00$aGerman patents gazette.$nParts I-III complete.
=246  3\$aGerman patents gazette.$nParts 1-3 complete
=260  \\$aLondon :$bDerwent Publications,$c1976.
=300  \\$av. :$bill. ;$c27 cm.
=310  \\$aWeekly
=336  \\$atext$2rdacontent
=337  \\$aunmediated$2rdamedia
=338  \\$avolume$2rdacarrier
=362  0\$aWeek W48 (6 Jan. 76)-week X47 (11 Nov. 76).
=580  \\$aFormed by the union of: German patents gazette. Section I, Chemical, and: German patents gazette. Section II, Electrical, and: German patents gazette. Section III, Mechanical & general.
=580  \\$aSplit into: German patents gazette. Section Ch, Chemical, and: German patents gazette. Sections P, Q, General/mechanical, and: German patents gazette. Section R, Electrical.
=595  \\$aFORMERLY 4162.143 4162.144 AND 4162.145 CHANGE BETWEEN VOL. 5(57), 1974 AND W. 48//6 JAN. 1976 CONTD AS 4162.1426N 4162.1427N AND 4162.1428N.
=540  \\$aCurrent Copyright Fee: GBP25.00$c0$5Uk
=650  \0$aPatents$zGermany (West)$vAbstracts$vPeriodicals.
=710  2\$aDerwent Publications, Ltd.
=780  14$tGerman patents gazette. Section I, Chemical
=780  14$tGerman patents gazette. Section II, Electrical
=780  14$tGerman patents gazette. Section III, Mechanical & general
=785  16$tGerman patents gazette. Section Ch, Chemical
=785  16$tGerman patents gazette. Sections P, Q, General/mechanical
=785  16$tGerman patents gazette. Section R, Electrical
=852  71$aBritish Library$bSTI$kIP Reserve North
=852  41$aBritish Library$bDSC$j4162.142500
=945  \\$aGERMAN PATENTS GAZETTE PARTS 1 - 3 COMPLETE.
=959  \\$fHeld but not currently received
=963  \\$a1968- 1977 *A=1$bN$cL420.C.110-
=A02  \\$a2075069
=CAT  \\$aCONV$b00$c20040425$lBLL90$h0703
=CAT  \\$aBATCH-UPD$b00$c20100225$lBLL01$h2324
=CAT  \\$aBATCH-UPD$b00$c20100331$lBLL01$h2114
=CAT  \\$aBATCH-UPD$b00$c20100401$lBLL01$h0050
=CAT  \\$aBATCH$b00$c20100401$lBLL01$h0359
=CAT  \\$aBATCH$b00$c20100401$lBLL01$h1407
=CAT  \\$aBATCH-UPD$b00$c20101124$lBLL01$h1752
=CAT  \\$aBATCH-UPD$b00$c20101125$lBLL01$h1015
=CAT  \\$aIPL-CLA$c20101231$lBLL01$h1229
=CAT  \\$aWR11_203$c20111204$lBLL01$h1316
=CAT  \\$aIPL-CLA$c20111230$lBLL01$h1732
=CAT  \\$aBATCH-CLA$b00$c20121104$lBLL01$h1028
=CAT  \\$aWR13.005$c20130323$lBLL01$h1328
=CAT  \\$aBATCH-CLA$c20131217$lBLL01$h1731
=CAT  \\$aIPL-CLA$c20131231$lBLL01$h1929
=CAT  \\$aBATCH-CLA$b00$c20161222$lBLL01$h1707
=CAT  \\$aIPL-CLA$c20161230$lBLL01$h1836
=CAT  \\$aBATCH-CLA$b00$c20171222$lBLL01$h2004
=CAT  \\$aIPL-CLA$c20171231$lBLL01$h1411
=CAT  \\$aBATCH-CLA$b00$c20191219$lBLL01$h1632
=CAT  \\$aIPL-CLA$c20191231$lBLL01$h1738
=CAT  \\$aR2001-1524$c20200127$lBLL01$h1929
=CAT  \\$aBATCH-CLA$b00$c20201204$lBLL01$h1428
=CAT  \\$aIPL-CLA$c20201231$lBLL01$h1937
=CAT  \\$aBATCH-CLA$b00$c20221221$lBLL01$h1733
=CAT  \\$aIPL-CLA$c20221231$lBLL01$h1851
=CFI  0\$aCurrent Copyright Fee: GBP25.00$c0$e01-jan-2023$fGBP25.00$g0$hA$5Uk
=CFI  2\$aPrevious Copyright Fee: GBP22.50$c0$e01-jan-2021$fGBP22.50$g0$hA$5Uk
=FIN  \\$aY
=LEO  \\$aMP10.0000247293
=SRC  \\$aDSS01$bbibmp10.200404.2.aa
=TCO  \\$aCLA$bCLA$c008
=ACF  \\$aPrevious copyright fee: GBP9.00$c0$e01-apr-2010$fGBP9.00$g0$hA$5Uk
=ACF  \\$aPrevious copyright fee: GBP6.00$c0$e01-apr-2008$fGBP6.00$g0$hA$5Uk
=ACF  \\$aPrevious copyright fee: GBP5.00$c0$e01-jul-2002$fGBP5.00$g0$hA$5Uk
=ACF  \\$aCurrent copyright fee: GBP4.40$c0$e01-jul-1998$fGBP4.40$g0$hA$5Uk
=ACF  \\$aCurrent copyright fee: GBP4.20$c0$e01-apr-1997$fGBP4.20$g0$hA$5Uk
=ACF  \\$aPrevious copyright fee: GBP10.50$c0$e01-jan-2011$fGBP10.50$g0$hA$5Uk
=ACF  \\$aPrevious copyright fee: GBP12.00$c0$e01-jan-2012$fGBP12.00$g0$hA$5Uk
=ACF  \\$aPrevious Copyright Fee: GBP12.30$c0$e01-jan-2014$fGBP12.30$g0$hA$5Uk
=ACF  \\$aPrevious Copyright Fee: GBP15.00$c0$e01-jan-2017$fGBP15.00$g0$hA$5Uk
=ACF  \\$aPrevious Copyright Fee: GBP17.50$c0$e01-jan-2018$fGBP17.50$g0$hA$5Uk
=ACF  \\$aPrevious Copyright Fee: GBP20.00$c0$e01-jan-2020$fGBP20.00$g0$hA$5Uk
=LAS  \\$aIPL-CLA$b00$c20221231$lBLL01$h1851

