=LDR  02109 am a2200601ua 4500
=001  008740162
=003  Uk
=005  20100702143933.0
=008  830325s1982\\\\enkace\||bc\\\000\||eng\\
=FMT  \\$a  BK
=015  \\$aGB8314585$2bnb
=019  y\$aB8314585
=019  9\$a0297781723
=019  a\$aG00151536
=019  1\$a0297781723
=020  \\$a0297781898 (pbk.) :$cUnpriced
=020  \\$a0297781723 (cased) :$cUnpriced
=039  0\$a1734
=040  \\$aUk$cUk$dUk
=043  \\$ae-it---
=050  00$aND621.N2
=082  04$a759.5/73$219
=245  00$aPainting in Naples 1606-1705 :$bfrom Caravaggio to Giordano /$cedited by Clovis Whitfield and Jane Martineau.
=260  \\$aLondon :$bRoyal Academy of Arts in association with Weidenfeld and Nicolson,$c1982.
=300  \\$a301 p. :$bill. (some col.), 1 plan, ports. ;$c29 cm.
=336  \\$atext$2rdacontent
=337  \\$aunmediated$2rdamedia
=338  \\$avolume$2rdacarrier
=500  \\$aCatalogue of an exhibition at the Royal Academy of Arts, 2 October-12 December 1982.
=504  \\$aBibliography: p282-296.
=650  \0$aPainting, Italian$zItaly$zNaples.
=650  \0$aPainting, Modern$y17th-18th centuries$zItaly$zNaples.
=653  \\$aItalian paintings$aNeopolitan paintings$ahistory$aCatalogues
=700  1\$aWhitfield, Clovis.
=700  1\$aMartineau, Jane.
=710  2\$aRoyal Academy of Arts (Great Britain)
=852  41$aBritish Library$bDSC$m82/27935
=852  41$aBritish Library$bDSC$j83/12382
=852  41$aBritish Library$bHMNTS$jX.425/3729
=CAT  \\$aCONV$b00$c20040425$lBLL90$h0801
=CAT  \\$aCONV$b00$c20040502$lBLL01$h1302
=CAT  \\$aUE-01$b00$c20051121$lBLL01$h1638
=CAT  \\$aglobal_upd$b40$c20060417$lBLL01$h0651
=CAT  \\$aBATCH$b00$c20091122$lBLL01$h0144
=CAT  \\$a9668$b40$c20100702$lBLL01$h1439
=FIN  \\$aY
=LEO  \\$aMP5.0000587891
=LEO  \\$aMP8.0000033784
=LEO  \\$aMP13.0001507668
=SRC  \\$aBNB03$bbibmp5.200404.2.ab
=SRC  \\$aDSC01$bbibmp8.200404.2.aa
=SRC  \\$aHSS01$bbibmp13.200404.2.ac
=LAS  \\$a9668$b40$c20100702$lBLL01$h1439

