=LDR  03155 am a2200757ua 4500
=001  008751435
=003  Uk
=005  20150824005300.0
=008  020715s2001\\\\enk\\\\||\\\\\001\|beng\\
=FMT  \\$a  BK
=015  \\$aGBA142662$2bnb
=019  y\$abA142662
=019  9\$a0520215230
=019  g\$aadv5002894860
=019  a\$aG07154482
=019  1\$a0520215230
=020  \\$a0520215230 (cased) :$cNo price
=035  \\$a(IeDuTC)d12995491
=039  0\$a2700
=040  \\$aIeDuTC$dUk
=082  04$a781.65092$221
=100  1\$aPastras, Philip.
=245  10$aDead man blues :$bJelly Roll Morton way out west /$cPhil Pastras.
=260  \\$aBerkeley, Calif. ;$aLondon :$bUniversity of California Press ;$aChicago :$bColumbia College, Center for Black Music Research,$c2001.
=300  \\$axxiv, 246p. :$bill., facsims., ports., music ;$c24cm.
=336  \\$atext$2rdacontent
=337  \\$aunmediated$2rdamedia
=338  \\$avolume$2rdacarrier
=490  1\$aMusic of the African diaspora ;$v5
=504  \\$aIncludes bibliographical references and index.
=600  14$aMorton, Jelly Roll,$dd. 1941.
=600  14$aMorton, Jelly Roll,$dd. 1941$xRelations with women.
=600  14$aGonzales, Anita.
=650  \0$aJazz musicians$zUnited States$vBiography.
=886  2\$2ukmarc$a900$b10$aPastras$hPhil$xSee$aPastras, Philip$z100
=886  2\$2ukmarc$a900$b10$aMorton$hFerdinand Joseph$cd. 1941$xSee$aMorton, Jelly Roll,$xd. 1941$z600
=886  2\$2ukmarc$a900$b10$aMorton$hFerdinand Joseph$cd. 1941$xSee$aMorton, Jelly Roll,$xd. 1941$z600/1
=886  2\$2ukmarc$a910$b20$aJelly Roll Morton Trio$xSee also$aMorton, Jelly Roll,$xd. 1941$z600
=886  2\$2ukmarc$a910$b20$aNew Orleans Jazzmen$xSee also$aMorton, Jelly Roll,$xd. 1941$z600
=886  2\$2ukmarc$a910$b20$aRed Hot Peppers$eMusical group$xSee also$aMorton, Jelly Roll,$xd. 1941$z600
=886  2\$2ukmarc$a910$b20$aJelly Roll Morton Trio$xSee also$aMorton, Jelly Roll,$xd. 1941$z600/1
=886  2\$2ukmarc$a910$b20$aNew Orleans Jazzmen$xSee also$aMorton, Jelly Roll,$xd. 1941$z600/1
=886  2\$2ukmarc$a910$b20$aRed Hot Peppers$eMusical group$xSee also$aMorton, Jelly Roll,$xd. 1941$z600/1
=830  \0$aMusic of the African diaspora ;$v5.
=852  41$aBritish Library$bDSC$i5990.1851
=852  41$aBritish Library$bHMNTS$jYC.2002.a.10952
=966  \\$lACQUIS 20/09/2001
=997  \\$aDDC21=781.65092
=CAT  \\$aCONV$b00$c20040425$lBLL90$h0806
=CAT  \\$aCONV$b00$c20040502$lBLL01$h1302
=CAT  \\$aglobal_upd$b40$c20060417$lBLL01$h0653
=CAT  \\$aBATCH-UPD$b40$c20070201$lBLL01$h2024
=CAT  \\$aBATCH$b00$c20091122$lBLL01$h0850
=CAT  \\$aBATCH-UPD$b00$c20091122$lBLL01$h1028
=CAT  \\$aBATCH$b00$c20091217$lBLL01$h0016
=CAT  \\$aBATCH-UPD$b00$c20150824$lBLL01$h0053
=FIN  \\$aY
=LEO  \\$aMP5.0000163809
=LEO  \\$aMP5.0001618875
=LEO  \\$aMP8.0001698279
=LEO  \\$aMP13.0001685478
=SRC  \\$aBNB03$bbibmp5.200404.2.aa
=SRC  \\$aBNB03$bbibmp5.200404.2.ac
=SRC  \\$aDSC01$bbibmp8.200404.2.ac
=SRC  \\$aHSS01$bbibmp13.200404.2.ac
=LAS  \\$aBATCH-UPD$b00$c20150824$lBLL01$h0053

