=LDR  02066cam a2200589ua 4500
=001  008752229
=003  Uk
=005  20220331213725.0
=008  010911s2001\\\\enkb\\\||\\\\\001\||eng\\
=FMT  \\$a  BK
=010  \\$a2001025191
=015  \\$aGBA152655$2bnb
=019  y\$abA152655
=019  9\$a0521003431
=019  a\$aG07149876
=019  1\$a0521003431
=020  \\$a0521003431 (pbk.) :$cNo price
=039  0\$a2659
=040  \\$aDLC$cDLC$dUk
=082  04$a951.249$221
=245  00$aTaiwan in the twentieth century :$ba retrospective view /$cedited by Richard Louis Edmonds and Steven M. Goldstein.
=260  \\$aCambridge :$bCambridge University Press,$c2001.
=300  \\$axvi, 193 p. :$b1 map ;$c24 cm.
=336  \\$atext$2rdacontent
=337  \\$aunmediated$2rdamedia
=338  \\$avolume$2rdacarrier
=490  1\$aThe China quarterly special issues. New series ;$vno. 1
=504  \\$aIncludes bibliographical references and index.
=540  \\$aCurrent Copyright Fee: GBP25.00$c0$5Uk
=651  \0$aTaiwan$xHistory$y20th century.
=700  1\$aEdmonds, Richard Louis,$d1948-
=700  1\$aGoldstein, Steven M.
=830  \4$aThe China quarterly special issues.$pNew series ;$vno. 1
=852  41$aBritish Library$bDSC$i3180.23
=852  41$aBritish Library$bHMNTS$jYC.2001.a.14183
=945  \\$aChina Quarterly -London- ; no 165
=CAT  \\$aCONV$b00$c20040425$lBLL90$h0806
=CAT  \\$aCONV$b00$c20040502$lBLL01$h1302
=CAT  \\$aglobal_upd$b40$c20060417$lBLL01$h0653
=CAT  \\$aBATCH$b00$c20091122$lBLL01$h0850
=CAT  \\$aBATCH$b00$c20091217$lBLL01$h0016
=CAT  \\$aBATCH-CLAB$c20220330$lBLL01$h1615
=CAT  \\$aIPL-CLA$c20220331$lBLL01$h2137
=CFI  0\$aCurrent Copyright Fee: GBP25.00$c0$e01-apr-2022$fGBP25.00$g0$hC$5Uk
=FIN  \\$aY
=LEO  \\$aMP5.0001619462
=LEO  \\$aMP8.0001696785
=LEO  \\$aMP13.0001686282
=SRC  \\$aBNB03$bbibmp5.200404.2.ac
=SRC  \\$aDSC01$bbibmp8.200404.2.ac
=SRC  \\$aHSS01$bbibmp13.200404.2.ac
=LAS  \\$aIPL-CLA$b00$c20220331$lBLL01$h2137

