=LDR  02851cam a2200781ua 4500
=001  008756319
=003  Uk
=005  20230331161617.0
=008  030428s2003\\\\enk\\\\||\\\\\001\||eng\\
=FMT  \\$a  BK
=010  \\$a2002031410
=015  \\$aGBA314328$2bnb
=019  y\$abA314328
=019  9\$a0521304148
=019  a\$aG07705994
=019  1\$a0521304148
=020  \\$a0521304148 :$cNo price
=035  \\$a(UkOxU)O15463696
=039  0\$a2739
=040  \\$aUkOxU$dUk
=043  \\$ama-----
=050  00$aML348 .R33 2002
=082  04$a780.9174927$221
=100  1\$aRacy, Ali Jihad.
=245  10$aMaking music in the Arab world :$bthe culture and artistry of ṭarab /$cA.J. Racy.
=260  \\$aCambridge :$bCambridge University Press,$c2003.
=300  \\$axiv, 248 p. :$bill. ;$c24 cm.
=336  \\$atext$2rdacontent
=337  \\$aunmediated$2rdamedia
=338  \\$avolume$2rdacarrier
=490  1\$aCambridge Middle East studies ;$v17
=504  \\$aIncludes bibliographical references and index.
=540  \\$aCurrent Copyright Fee: GBP25.00$c0$5Uk
=650  \0$aMusic$zArab countries$xPhilosophy and aesthetics.
=650  \0$aMusic$xPsychological aspects.
=886  2\$2ukmarc$a900$b10$aRacy$hJihad$xSee$aRacy, Ali Jihad$z100
=886  2\$2ukmarc$a900$b10$aRacy$hA. J.$kAli Jihad$xSee$aRacy, Ali Jihad$z100
=830  \0$aCambridge Middle East studies ;$v17.
=852  41$aBritish Library$bDSC$i3015.962780 MIS
=852  41$aBritish Library$bHMNTS$jYC.2003.a.6967
=945  \\$aCambridge Middle East Studies
=CAT  \\$aCONV$b00$c20040425$lBLL90$h0807
=CAT  \\$aCONV$b00$c20040502$lBLL01$h1302
=CAT  \\$aglobal_upd$b40$c20060417$lBLL01$h0654
=CAT  \\$aBATCH$b00$c20091122$lBLL01$h0852
=CAT  \\$aBATCH$b00$c20091217$lBLL01$h0017
=CAT  \\$aBATCH-UPD$b00$c20141026$lBLL01$h2231
=CAT  \\$aBATCH-CLA$b00$c20210328$lBLL01$h1321
=CAT  \\$aIPL-CLA$c20210331$lBLL01$h1834
=CAT  \\$aBATCH-CLAB$c20220330$lBLL01$h1814
=CAT  \\$aIPL-CLA$c20220331$lBLL01$h2137
=CAT  \\$aBATCH-CLA$b00$c20221206$lBLL01$h1743
=CAT  \\$aIPL-CLA$c20221231$lBLL01$h1857
=CAT  \\$aBATCH-CLA$b00$c20230302$lBLL01$h1750
=CAT  \\$aBATCH-CLAB$c20230324$lBLL01$h1424
=CAT  \\$aIPL-CLA$c20230331$lBLL01$h1616
=CFI  0\$aCurrent Copyright Fee: GBP25.00$c0$e01-apr-2023$fGBP25.00$g0$hC$5Uk
=CFI  2\$aPrevious Copyright Fee: GBP22.50$c0$e09-feb-2023$fGBP22.50$g0$hC$5Uk
=FIN  \\$aY
=LEO  \\$aMP5.0000165013
=LEO  \\$aMP8.0001823780
=LEO  \\$aMP13.0001690811
=SRC  \\$aBNB03$bbibmp5.200404.2.aa
=SRC  \\$aDSC01$bbibmp8.200404.2.ac
=SRC  \\$aHSS01$bbibmp13.200404.2.ac
=TCO  \\$aCLA$bCLA$c008
=ACF  \\$aPrevious Copyright Fee: GBP22.50$c0$e01-apr-2021$fGBP22.50$g0$hC$5Uk
=LAS  \\$aIPL-CLA$b00$c20230331$lBLL01$h1616

