=LDR  03697 as a2200805 a 4500
=001  008879576
=003  Uk
=005  20070221132216.0
=007  ta
=008  040422d19702000xxuar\p\ai\\\\0\\\a0eng\\
=FMT  \\$a  SE
=019  s\$aoasp00427
=019  c\$a2050948
=022  0\$a0091-5319$z0743-1775
=040  \\$aUk$cUk$dUk
=222  \0$aCIS annual
=245  10$aCIS annual.
=260  \\$aWashington :$bCongressional Information Service
=300  \\$a31 v.$c29 cm.
=310  \\$aAnnual
=336  \\$atext$2rdacontent
=337  \\$aunmediated$2rdamedia
=338  \\$avolume$2rdacarrier
=362  0\$a1970-2000.
=515  \\$aVols. for 1970-1983 issued in 2 pts.: Abstracts of congressional publications and legislative histories, and: Index to congressional publications and public laws; vols. for 1984-2000 issued in 3 pts.: Abstracts of congressional publications; Legislative histories of U.S. public laws, and Index to congressional publications and public laws.
=525  \\$aUpdating supplement with title: Bibliographic data additions and revisions for Congressional publications abstracted in the ... CIS/Annuals, issued annually.
=555  \\$aFive-year cumulative index: 1970-1974. 2 v.
=555  \\$aFour-year cumulative indexes: 1975-1978, 1979-82, 1983-86, 1987-90, 1991-94, 1995-98.
=580  \\$aCumulation of the monthly publication: Congressional Information Service. CIS index to publications of the United States Congress.
=595  \\$aALL STOCK SHELVED IN OFFICIAL PUBLICATIONS.
=540  \\$aBritish Library not licensed to copy$c0$5Uk
=650  \0$aLegislation$zUnited States$vPeriodicals.
=650  \0$aLaw$zUnited States$vIndexes$vPeriodicals.
=710  2\$aCongressional Information Service.
=740  02$aBibliographic data additions and revisions for Congressional publications abstracted in the ... CIS/Annuals
=740  02$aAbstracts of congressional publications.
=740  02$aLegislative histories of U.S. public laws.
=740  02$aIndex to congressional publications and public laws.
=785  00$tCIS index annual
=787  1\$aCongressional Information Service.$tCIS index to publications of the United States Congress$x0007-8514
=852  41$aBritish Library$bHMNTS$kOPL$h973.0043
=852  41$aBritish Library$bDSC$j3267.631500
=945  \\$aCIS annual
=959  \\$fHeld but not currently received
=963  \\$a1970-$bN$cOP.82.013
=985  \\$aRecord merged by DQ team
=CAT  \\$aCONV$b00$c20040425$lBLL90$h0846
=CAT  \\$aCONV$b00$c20040502$lBLL01$h1307
=CAT  \\$a8874$b40$c20070214$lBLL01$h1125
=CAT  \\$a8874$b40$c20070214$lBLL01$h1316
=CAT  \\$a8180$b40$c20070220$lBLL01$h1531
=CAT  \\$a8180$b40$c20070221$lBLL01$h1322
=CAT  \\$aBATCH$b00$c20091209$lBLL01$h0251
=CAT  \\$aBATCH-UPD$b00$c20101201$lBLL01$h1218
=CAT  \\$aIPL-CLA$c20101231$lBLL01$h1238
=CAT  \\$aBATCH-UPD$b00$c20110907$lBLL01$h1800
=CAT  \\$aIPL-CLA$c20110908$lBLL01$h1715
=CAT  \\$aBATCH-CLA$b00$c20121104$lBLL01$h1021
=CFI  0\$aBritish Library not licensed to copy$c0$e07-sep-2011$hC$iTX$5Uk
=CFI  2\$aPrevious copyright fee: GBP10.50$c0$e01-jan-2011$fGBP10.50$g0$hA$5Uk
=FIN  \\$aY
=LEO  \\$aMP37.0000025720
=LEO  \\$aMP10.0000148050
=SRC  \\$aDSS01$bbibmp10.200404.2.aa
=SRC  \\$aSPH01$bbibmp37h.200404.2.aa
=TCO  \\$aTRS$bCCC$c008
=ACF  \\$aPrevious Copyright Fee: GBP5.00$c0$e01-jul-2002$fGBP5.00$g0$hC$5Uk
=ACF  \\$aCurrent copyright fee: GBP2.50$c0$e23-nov-1998$fGBP2.50$g0$hC$5Uk
=ACF  \\$aCurrent copyright fee: GBP4.40$c0$e01-jul-1998$fGBP4.40$g0$hA$5Uk
=LAS  \\$aBATCH-CLA$b00$c20121104$lBLL01$h1021

