=LDR  02854cam a2200829ua 4500
=001  008881841
=003  Uk
=005  20220930154831.0
=008  850225s1984\\\\enka\\\\|\\\\\001\|\eng\\
=FMT  \\$a  BK
=010  \\$a83020075
=015  \\$aGB8508962$2bnb
=019  y\$ab8508962
=019  9\$ab8508962
=019  1\$ab8508962
=019  s\$aoamu00709
=019  u\$aG11347917
=019  a\$aG00101248
=020  \\$a0810816628 (v.1) :$c£19.50
=020  \\$a0810816636 (v.2) :$c£29.50
=020  \\$cNo price
=039  0\$a1830
=040  \\$aUk$cUk$dUk
=050  00$aML600
=082  04$a786.5$219
=100  1\$aArnold, Corliss Richard.
=245  10$aOrgan literature :$ba comprehensive survey /$cby Corliss Richard Arnold.
=250  \\$a2nd ed.
=260  \\$aMetuchen ;$aLondon :$bScarecrow,$c1984.
=300  \\$a2 v. ;$c23cm.
=336  \\$atext$2rdacontent
=337  \\$aunmediated$2rdamedia
=338  \\$avolume$2rdacarrier
=500  \\$aPrevious ed.: Metuchen : Scarecrow, 1973.
=504  \\$aIncludes bibliographies.
=505  0\$av.1. Historical survey -- v.2. Biographical catalog.
=597  \\$aDLC$b83020075
=540  \\$aCurrent Copyright Fee: GBP19.60$c0$5Uk
=650  \0$aOrgan music$xHistory and criticism.
=650  \0$aOrgan music$xBibliography.
=653  \\$aOrgan music
=852  41$aBritish Library$bDSC$j85/16244$ivol 1
=852  41$aBritish Library$bDSC$j85/18564$ivol 2
=852  41$aBritish Library$bHMNTS$jX.439/13268-13269
=852  11$aBritish Library$bMUSIC$kM.R.Ref.$h786.5
=852  41$aBritish Library$bDSC$jx29/.8785$ivol. 1
=852  41$aBritish Library$bDSC$jx29/.8786$ivol. 2
=CAT  \\$aCONV$b00$c20040425$lBLL90$h0847
=CAT  \\$aCONV$b00$c20040502$lBLL01$h1307
=CAT  \\$a2281$b40$c20041230$lBLL01$h1508
=CAT  \\$aglobal_upd$b40$c20060417$lBLL01$h0703
=CAT  \\$aBATCH$b00$c20091122$lBLL01$h0945
=CAT  \\$a8870$b40$c20150511$lBLL01$h1628
=CAT  \\$aBATCH-CLAB$c20220330$lBLL01$h1637
=CAT  \\$aIPL-CLA$c20220331$lBLL01$h2139
=CAT  \\$aBATCH-CLAB$c20220627$lBLL01$h2054
=CAT  \\$aIPL-CLA$c20220630$lBLL01$h1659
=CAT  \\$aBATCH-CLAB$c20220908$lBLL01$h1331
=CAT  \\$aIPL-CLA$c20220930$lBLL01$h1548
=CFI  0\$aCurrent Copyright Fee: GBP19.60$c0$e01-oct-2022$fGBP19.60$g0$hC$5Uk
=CFI  2\$aPrevious Copyright Fee: GBP18.60$c0$e01-jul-2022$fGBP18.60$g0$hC$5Uk
=FIN  \\$aY$d20041230
=LEO  \\$aMP5.0000752530
=LEO  \\$aMP8.0000020461
=LEO  \\$aMP13.0000279687
=LEO  \\$aMP34.0000486271
=SRC  \\$aDSC01$bbibmp8.200404.2.aa
=SRC  \\$aBNB03$bbibmp5.200404.2.ab
=SRC  \\$aHSS01$bbibmp13.200404.2.aa
=SRC  \\$aUCB01$bbibmp34.200404.2.aa
=ACF  \\$aPrevious Copyright Fee: GBP17.60$c0$e01-apr-2022$fGBP17.60$g0$hC$5Uk
=LAS  \\$aIPL-CLA$b00$c20220930$lBLL01$h1548

