=LDR  01539 am a2200469 a 4500
=001  009074242
=003  Uk
=005  20050606113653.0
=008  000204m19992001enka\\\\\\\\\\000\m\eng\\
=FMT  \\$a  BK
=015  \\$aGBA012130$2bnb
=019  y\$abA012130
=019  9\$a1899821554
=020  \\$a1899821554 (v.1 : pbk.) :$cNo price
=020  \\$a1899821600 (v. 2 : pbk.) :$cNo price
=020  \\$z1899821708 (v. 2 : pbk.) :$cNo price
=035  \\$a(UkOxU)O13724143
=040  \\$aUkOxU$beng$cUk$dUk
=042  \\$aukblsr
=082  04$a820.800914$222
=245  04$aThe millennium anthology :$b(poetry, articles, prose).
=260  \\$aEast Hunsbury :$bFern Publications,$cc1999-[2001?]
=300  \\$a2 v. :$bcol. ill. ;$c30 cm.
=336  \\$atext$2rdacontent
=337  \\$aunmediated$2rdamedia
=338  \\$avolume$2rdacarrier
=500  \\$aEdited by J. Gonzalez-Marina.
=700  1\$aGonzález Marina, J.$q(Jacqueline)
=852  41$aBritish Library$bHMNTS$ivol. 1
=852  41$aBritish Library$bHMNTS$jYK.2005.b.1202$ivol. 2
=CAT  \\$aCONV$b00$c20040425$lBLL90$h0542
=CAT  \\$aCONV$b00$c20040502$lBLL01$h1315
=CAT  \\$a11250$b40$c20050315$lBLL01$h0850
=CAT  \\$a11250$b40$c20050315$lBLL01$h0851
=CAT  \\$a11250$b40$c20050318$lBLL01$h1458
=CAT  \\$a11244$b40$c20050606$lBLL01$h1136
=FIN  \\$aY$d20050315
=LEO  \\$aMP5.0000451642
=LEO  \\$aMP5.0001876915
=SRC  \\$aBNB03$bbibmp5.200404.2.aa
=SRC  \\$aBNB03$bbibmp5.200404.2.ad
=LAS  \\$a11244$b40$c20050606$lBLL01$h1136

