=LDR  01811 am a22005177u 4500
=001  009147638
=003  Uk
=005  20201124183347.0
=008  960813m19919999ja\ae\\\\\\\\\000\0\eng\\
=FMT  \\$a  BK
=010  \\$a92218343
=019  g\$aadv0101242131
=019  a\$aG05007276
=020  \\$a4871405516 (1 : pbk.)
=020  \\$a4871405567 (2 : pbk.)
=020  \\$a4871405559 (3 : pbk.)
=040  \\$aDLC$cDLC$dUk
=041  0\$aeng$ajpn
=100  1\$aAndō, Tadao,$d1941-
=245  10$aTadao Ando details /$cedited by Yukio Futagawa ; criticism by Peter Eisenman = Andō Tadao ditērushū / kikaku henshū Futagawa Yukio ; ronbun Pītā Aizenman.
=246  13$aAndō Tadao ditērushū
=260  \\$aTokyo :$bA.D.A. Edita,$c1991-
=300  \\$av. :$bill. ;$c30 x 31cm.
=336  \\$atext$2rdacontent
=337  \\$aunmediated$2rdamedia
=338  \\$avolume$2rdacarrier
=546  \\$aParallel English and Japanese text.
=700  1\$aFutagawa, Yukio,$d1932-2013.
=852  41$aBritish Library$bDSC$jfm05/.1259$i2
=852  41$aBritish Library$bDSC$i3
=852  41$aBritish Library$bDSC$jf96/0389$i1
=966  \\$lACQUIS 20/05/96
=985  \\$aUpgraded by BSS-generated file for WR2011-1473
=CAT  \\$aCONV$b00$c20040425$lBLL90$h0645
=CAT  \\$aCONV$b00$c20040502$lBLL01$h1317
=CAT  \\$a11009$b40$c20050520$lBLL01$h1353
=CAT  \\$aglobal_upd$b40$c20060417$lBLL01$h0757
=CAT  \\$aBATCH-UPD$b40$c20080906$lBLL01$h0948
=CAT  \\$aBATCH$b00$c20091209$lBLL01$h0349
=CAT  \\$aBATCH-UPD$b00$c20100925$lBLL01$h1953
=CAT  \\$aBATCH-UPD$b00$c20150531$lBLL01$h2128
=CAT  \\$aW2011-1473$b00$c20201124$lBLL01$h1833
=FIN  \\$aY
=LEO  \\$aMP8.0001244797
=SRC  \\$aDSC01$bbibmp8.200404.2.ab
=LAS  \\$aW2011-1473$b00$c20201124$lBLL01$h1833

