=LDR  03859cas a2200901 a 4500
=001  009198603
=003  Uk
=005  20221231190824.0
=007  ta
=008  040409d19722005gw\ux\p\\\\\\\0\\\\0ger\\
=FMT  \\$a  SE
=019  c\$a2502735
=019  x\$a0923130128
=040  \\$aUk$cUk$dUk
=082  0\$a781.23$219
=245  00$aHandwörterbuch der musikalischen Terminologie
=260  \\$aWiesbaden :$bFranz Steiner Verlag,$c[1972-2005].
=300  \\$av.$c29 cm.
=336  \\$atext$2rdacontent
=337  \\$aunmediated$2rdamedia
=338  \\$avolume$2rdacarrier
=500  \\$a"Im Auftrag der Kommission für Musikwissenschaft der akademie der Wissenschaften und der literatur zu Mainz."
=500  \\$aHerausgegeben von Hans Heinrich Eggebrecht.
=595  \\$aSEE ALSO CARD INDEX.
=540  \\$aCurrent Copyright Fee: GBP25.00$c0$5Uk
=650  \0$aMusic$vTerminology
=710  2\$aAkademie der Wissenschaften und der Literatur (Germany).$bKommission für Musikwissenschaft.
=770  0\$tHandwörterbuch der musikalischen Terminologie. Sonderband
=852  41$aBritish Library$bHMNTS$jCup.1256.g.4.
=852  41$aBritish Library$bHMNTS$cSPHOA$kMusic Enquiry Desk$3[Number] 1 [1972]-no. 40 (2005)
=945  \\$aHandworterbuch der musikalischen Terminologie.
=979  \\$aBritish Library$bDSC$j4262.047700N
=985  \\$aRecord merged by DQ team
=A02  \\$a2502735
=CAT  \\$aCONV$b00$c20040425$lBLL90$h0703
=CAT  \\$aBATCH-UPD$b00$c20100225$lBLL01$h2341
=CAT  \\$aBATCH-UPD$b00$c20100331$lBLL01$h2133
=CAT  \\$aBATCH-UPD$b00$c20100401$lBLL01$h0104
=CAT  \\$aBATCH$b00$c20100401$lBLL01$h0413
=CAT  \\$aBATCH$b00$c20100401$lBLL01$h1425
=CAT  \\$aBATCH-UPD$b00$c20101124$lBLL01$h1809
=CAT  \\$aBATCH-UPD$b00$c20101125$lBLL01$h1030
=CAT  \\$aIPL-CLA$c20101231$lBLL01$h1251
=CAT  \\$aWR11_203$c20111204$lBLL01$h1332
=CAT  \\$aIPL-CLA$c20111230$lBLL01$h1752
=CAT  \\$aBATCH-CLA$b00$c20121104$lBLL01$h1012
=CAT  \\$aWR13.005$c20130322$lBLL01$h1936
=CAT  \\$aBATCH-CLA$c20131217$lBLL01$h1754
=CAT  \\$aIPL-CLA$c20131231$lBLL01$h1958
=CAT  \\$aBATCH-CLA$b00$c20161222$lBLL01$h1715
=CAT  \\$aIPL-CLA$c20161230$lBLL01$h1855
=CAT  \\$aBATCH-CLA$b00$c20171222$lBLL01$h2014
=CAT  \\$aIPL-CLA$c20171231$lBLL01$h1430
=CAT  \\$aBATCH-CLA$b00$c20191219$lBLL01$h1640
=CAT  \\$aIPL-CLA$c20191231$lBLL01$h1752
=CAT  \\$aR2001-1524$c20200127$lBLL01$h1933
=CAT  \\$aBATCH-CLA$b00$c20201204$lBLL01$h1436
=CAT  \\$aIPL-CLA$c20201231$lBLL01$h1953
=CAT  \\$aBATCH-CLA$b00$c20221221$lBLL01$h1742
=CAT  \\$aIPL-CLA$c20221231$lBLL01$h1908
=CFI  0\$aCurrent Copyright Fee: GBP25.00$c0$e01-jan-2023$fGBP25.00$g0$hA$5Uk
=CFI  2\$aPrevious Copyright Fee: GBP22.50$c0$e01-jan-2021$fGBP22.50$g0$hA$5Uk
=FIN  \\$aY
=LEO  \\$aMP1.0001101475
=LEO  \\$aMP10.0000258758
=SRC  \\$aBLS01$bbibmp1.200404.2.ab
=SRC  \\$aDSS01$bbibmp10.200404.2.aa
=TCO  \\$aDEU$bVG WORT$c008
=ACF  \\$aPrevious copyright fee: GBP9.00$c0$e01-apr-2010$fGBP9.00$g0$hA$5Uk
=ACF  \\$aPrevious copyright fee: GBP6.00$c0$e01-apr-2008$fGBP6.00$g0$hA$5Uk
=ACF  \\$aPrevious copyright fee: GBP5.00$c0$e01-oct-2002$fGBP5.00$g0$hA$5Uk
=ACF  \\$aPrevious copyright fee: GBP10.50$c0$e01-jan-2011$fGBP10.50$g0$hA$5Uk
=ACF  \\$aPrevious copyright fee: GBP12.00$c0$e01-jan-2012$fGBP12.00$g0$hA$5Uk
=ACF  \\$aPrevious Copyright Fee: GBP12.30$c0$e01-jan-2014$fGBP12.30$g0$hA$5Uk
=ACF  \\$aPrevious Copyright Fee: GBP15.00$c0$e01-jan-2017$fGBP15.00$g0$hA$5Uk
=ACF  \\$aPrevious Copyright Fee: GBP17.50$c0$e01-jan-2018$fGBP17.50$g0$hA$5Uk
=ACF  \\$aPrevious Copyright Fee: GBP20.00$c0$e01-jan-2020$fGBP20.00$g0$hA$5Uk
=LAS  \\$aIPL-CLA$b00$c20221231$lBLL01$h1908

