=LDR  02712 am a2200721u  4500
=001  009256049
=003  Uk
=005  20091111085232.0
=008  980903s1936\\\\enk\\\\\\\\\\\001\0\eng\\
=FMT  \\$a  BK
=019  2\$abld0080667
=019  1\$abld0080135
=019  o\$aB05060606
=019  1\$aa6502416
=019  u\$aG10995337
=019  x\$a197259012X
=040  \\$aUk$cUk$dUk
=110  2\$aBritish Museum.$bDepartment of Printed Books.
=245  10$aRules for compiling the catalogues of printed books, maps and music in the British Museum.
=250  \\$aRev. ed.
=260  \\$aLondon :$bBritish Museum,$c1936.
=300  \\$a67 p. ;$c22 cm.
=336  \\$atext$2rdacontent
=337  \\$aunmediated$2rdamedia
=338  \\$avolume$2rdacarrier
=500  \\$aPrevious ed.: published as Rules for compiling the catalogues in the Department of Printed Books in the British Museum, 1927.
=500  \\$aIncludes index.
=500  \\$aPages interleaved with blank lined pages.
=610  20$aBritish Museum$vCatalogs.
=650  \0$aCataloging of maps$vHandbooks, manuals, etc.
=650  \0$aCataloging of music$vHandbooks, manuals, etc.
=650  \0$aDescriptive cataloging$zGreat Britain$xRules$vHandbooks, manuals, etc.
=710  2\$aBritish Museum.$bDepartment of Printed Books.$tRules for compiling the catalogues in the Department of Printed Books in the British Museum.
=852  41$aBritish Library$bHMNTS$jYA.1998.a.6503
=852  41$aBritish Library$bDSC$jOP-BM/9
=852  41$aBritish Library$bDSC$jW47/0133
=852  41$aBritish Library$bDSC$jW49/4901
=852  41$aBritish Library$bHMNTS$j2719.x.6129
=852  41$aBritish Library$bHMNTS$j11914.b.36.
=852  41$aBritish Library$bHMNTS$jYD.2007.a.7485
=852  11$aBritish Library$bDSC$cQ$h025.3
=852  41$aBritish Library$bOC$jORW.1998.a.303
=985  \\$aRecord amended for WR# 13/070
=985  \\$aRecord merged by DQ team
=CAT  \\$aCONV$b00$c20040425$lBLL90$h0722
=CAT  \\$aCONV$b00$c20040502$lBLL01$h1320
=CAT  \\$a5194$b40$c20050321$lBLL01$h0940
=CAT  \\$a6537$b40$c20091111$lBLL01$h0852
=CAT  \\$aBATCH$b00$c20091209$lBLL01$h0420
=CAT  \\$aBATCH$b00$c20091214$lBLL01$h0502
=CAT  \\$aWR13_070$b00$c20130504$lBLL01$h0201
=CAT  \\$aWR13_070C$c20130611$lBLL01$h1849
=FIN  \\$aY
=LEO  \\$aMP1.0002358124
=LEO  \\$aMP13.0000206416
=LEO  \\$aMP13.0000205917
=LEO  \\$aMP13.0000008268
=LEO  \\$aMP34.0000335940
=SRC  \\$aBLS01$bbibmp1.200404.2.ac
=SRC  \\$aUCB01$bbibmp34.200404.2.aa
=SRC  \\$aHSS01$bbibmp13.200404.2.aa
=SRC  \\$aDSC Official Publications$bopgb.mrc
=LAS  \\$aWR13_070C$b00$c20130611$lBLL01$h1849

