=LDR  01780 am a2200553ui 4500
=001  009389115
=003  Uk
=005  20091214051000.0
=008  770918r19771976enka\\\||\\\\\000\||eng\\
=FMT  \\$a  BK
=015  \\$aGB7724259$2bnb
=019  y\$aB7724259
=019  9\$a0046130330
=019  1\$a0046130330
=020  \\$a0046130330 (pbk) :$c£3.50
=040  \\$aUk$cUk
=050  00$aRM723.A27
=082  04$a615/.822$218
=082  04$a615.8/22$219
=100  1\$aOhashi, Wataru.
=245  10$aDo-it-yourself shiatsu :$bhow to perform the ancient Japanese art of acupuncture without needles /$cby Wataru Ohashi ; edited by Vicki Lindner.
=260  \\$aLondon :$bMandala Books,$c1977.
=300  \\$a144p. :$bill. ;$c28cm.
=336  \\$atext$2rdacontent
=337  \\$aunmediated$2rdamedia
=338  \\$avolume$2rdacarrier
=500  \\$aOriginally published: New York : Dutton, 1976.
=650  \0$aAcupressure.
=653  \\$aShiatzu
=700  1\$aLindner, Vicki.
=852  4\$aBritish Library$bDSC$j77/29190$xMissing 14/12/88
=852  4\$aBritish Library$bDSC$x8/2/90
=852  41$aBritish Library$bHMNTS$jX.311/8528
=957  \\$a770511c
=CAT  \\$aCONV$b00$c20040425$lBLL90$h0757
=CAT  \\$aCONV$b00$c20040502$lBLL01$h1324
=CAT  \\$aglobal_upd$b40$c20060417$lBLL01$h1704
=CAT  \\$aUCB-HOL$b00$c20070918$lBLL01$h1627
=CAT  \\$aBATCH$b00$c20070918$lBLL01$h2028
=CAT  \\$aBATCH$b00$c20071129$lBLL01$h0132
=CAT  \\$aBATCH$b00$c20091209$lBLL01$h0427
=CAT  \\$aBATCH$b00$c20091214$lBLL01$h0510
=FIN  \\$aY
=LEO  \\$aMP5.0000540630
=LEO  \\$aMP13.0001342248
=SRC  \\$aBNB03$bbibmp5.200404.2.aa
=SRC  \\$aHSS01$bbibmp13.200404.2.ac
=SRC  \\$aUCB 2007
=LAS  \\$aBATCH$b00$c20091214$lBLL01$h0510

