=LDR  02211 am a2200649ua 4500
=001  009410895
=003  Uk
=005  20110627122200.0
=008  980629s1998\\\\enk\\\\||\\\\\001\||eng\\
=FMT  \\$a  BK
=015  \\$aGB98Z3964$2bnb
=019  y\$ab98Z3964
=019  9\$a0521553628
=019  g\$aadv0102419078
=019  a\$aG05426135
=019  1\$a0521553628
=020  \\$a0521553628 (cased) :$c£45.00
=020  \\$a0521556716 (pbk) :$c£16.95
=039  0\$a2497
=040  \\$aStDuBDS$dUk
=082  04$a305.568$221
=100  1\$aMendelsohn, Oliver.
=245  14$aThe untouchables :$bsubordination, poverty and the state in modern India /$cOliver Mendelsohn and Marika Vicziany.
=260  \\$aCambridge :$bCambridge University Press,$c1998.
=300  \\$axviii,289p. ;$c24cm.
=336  \\$atext$2rdacontent
=337  \\$aunmediated$2rdamedia
=338  \\$avolume$2rdacarrier
=490  1\$aContemporary South Asia ;$v4
=500  \\$aBibliography: p272-283. _ Includes index.
=650  \0$aDalits$zIndia$xPolitics and government.
=650  \0$aDalits$zIndia$xEconomic conditions.
=650  \0$aDalits$zIndia$xSocial conditions.
=651  \0$aIndia$xPolitics and government$y1947-.
=690  7\$aSocial Welfare$2blcoll
=700  1\$aVicziany, Marika.
=886  2\$2ukmarc$a900$b10$aVicziany$hAntonia Marika$xSee$aVicziany, Marika$z700
=830  \0$aContemporary South Asia ;$v4
=852  41$aBritish Library$bDSC$i3425.3054
=852  41$aBritish Library$bHMNTS$jYC.1998.b.3034
=945  \\$aContemporary South Asia ; 4
=966  \\$lACQUIS 19/01/99
=CAT  \\$aCONV$b00$c20040425$lBLL90$h0807
=CAT  \\$aCONV$b00$c20040502$lBLL01$h1325
=CAT  \\$aglobal_upd$b40$c20060417$lBLL01$h0812
=CAT  \\$aBATCH$b00$c20091122$lBLL01$h1115
=CAT  \\$aBATCH$b00$c20091217$lBLL01$h0053
=CAT  \\$aBATCH$b00$c20110625$lBLL01$h0411
=CAT  \\$aBATCH-SWP3$c20110627$lBLL01$h1222
=FIN  \\$aY
=LEO  \\$aMP5.0001620546
=LEO  \\$aMP8.0001391180
=LEO  \\$aMP13.0001698961
=SRC  \\$aBNB03$bbibmp5.200404.2.ac
=SRC  \\$aDSC01$bbibmp8.200404.2.ab
=SRC  \\$aHSS01$bbibmp13.200404.2.ac
=LAS  \\$aBATCH-SWP3$b00$c20110627$lBLL01$h1222

