=LDR  02194 am a2200661ua 4500
=001  009411122
=003  Uk
=005  20110627122200.0
=008  961021s1996\\\\enkb\\\||\\\\\001\||eng\\
=FMT  \\$a  BK
=010  \\$a95049938
=015  \\$aGB96Y1387$2bnb
=019  y\$ab96Y1387
=019  9\$a0521560837
=019  g\$aadv5000335147
=019  a\$aG05054376
=019  1\$a0521560837
=020  \\$a0521560837 (cased) :$c£50.00
=020  \\$a0521568242 (pbk) :$cNo price
=039  0\$a2413
=040  \\$aStDuBDS$dUk
=082  04$a331.544095475$220
=100  1\$aBreman, Jan.
=245  10$aFootloose labour :$bworking in India's informal economy /$cJan Breman.
=260  \\$aCambridge :$bCambridge University Press,$c1996.
=300  \\$aix,278p. :$bmap ;$c24cm.
=336  \\$atext$2rdacontent
=337  \\$aunmediated$2rdamedia
=338  \\$avolume$2rdacarrier
=490  0\$aContemporary South Asia ;$v2
=500  \\$aBibliography: p265-273. _ Includes index.
=598  \\$aPROV.RECORD
=650  \0$aAgricultural laborers$zIndia$zGujerat$xCase studies.
=650  \0$aMigrant agricultural laborers$zIndia$zGujerat$xCase studies.
=650  \0$aRural poor$zIndia$xGujerat$xCase studies.
=653  1\$aLabour market
=653  1\$aGujarat (India)
=690  7\$aManagement and Business Studies$2blcoll
=690  7\$aSocial Welfare$2blcoll
=886  2\$2ukmarc$a900$b10$aBreman$hJ. C.$xSee$aBreman, Jan$z100
=852  41$aBritish Library$bDSC$i3425.3054
=852  41$aBritish Library$bHMNTS$jYC.1996.b.8339
=966  \\$lACQUIS 21/01/00
=CAT  \\$aCONV$b00$c20040425$lBLL90$h0807
=CAT  \\$aCONV$b00$c20040502$lBLL01$h1325
=CAT  \\$aglobal_upd$b40$c20060417$lBLL01$h0812
=CAT  \\$aBATCH$b00$c20090528$lBLL01$h1819
=CAT  \\$aBATCH$b00$c20091122$lBLL01$h1115
=CAT  \\$aBATCH$b00$c20110625$lBLL01$h0411
=CAT  \\$aBATCH-SWP3$c20110627$lBLL01$h1222
=FIN  \\$aY
=LEO  \\$aMP5.0001066789
=LEO  \\$aMP8.0001271144
=LEO  \\$aMP13.0001699196
=SRC  \\$aBNB03$bbibmp5.200404.2.ab
=SRC  \\$aDSC01$bbibmp8.200404.2.ab
=SRC  \\$aHSS01$bbibmp13.200404.2.ac
=LAS  \\$aBATCH-SWP3$b00$c20110627$lBLL01$h1222

