=LDR  01840 am a2200589ua 4500
=001  009415019
=003  Uk
=005  20091217005400.0
=008  010917s2001\\\\enk\\\\||\\\\\001\||eng\\
=FMT  \\$a  BK
=010  \\$a00067439
=015  \\$aGBA152839$2bnb
=019  y\$abA152839
=019  9\$a0521801443
=019  g\$aadv5003399014
=019  a\$aG07112135
=019  1\$a0521801443
=020  \\$a0521801443 (cased) :$cNo price
=020  \\$a0521805309 (pbk.) :$cNo price
=039  0\$a2659
=040  \\$aDLC$cDLC$dUk
=082  04$a320.954$221
=245  04$aThe success of India's democracy /$cedited by Atul Kohli.
=260  \\$aCambridge :$bCambridge University Press,$c2001.
=300  \\$axiv, 298p. ;$c24 cm.
=336  \\$atext$2rdacontent
=337  \\$aunmediated$2rdamedia
=338  \\$avolume$2rdacarrier
=490  1\$aContemporary South Asia ;$v6
=504  \\$aIncludes bibliographical references and index.
=598  \\$aPROV.RECORD
=650  \0$aDemocracy$zIndia.
=650  \0$aCentral-local government relations$zIndia.
=651  \0$aIndia$xPolitics and government$y1947-.
=700  1\$aKohli, Atul.
=830  \0$aContemporary South Asia ;$v6
=852  41$aBritish Library$bDSC$i3425.3054
=852  41$aBritish Library$bHMNTS$jYC.2001.a.14248
=966  \\$lACQUIS 14/02/2002
=CAT  \\$aCONV$b00$c20040425$lBLL90$h0807
=CAT  \\$aCONV$b00$c20040502$lBLL01$h1325
=CAT  \\$aglobal_upd$b40$c20060417$lBLL01$h0813
=CAT  \\$aBATCH$b00$c20091122$lBLL01$h1117
=CAT  \\$aBATCH$b00$c20091217$lBLL01$h0054
=FIN  \\$aY
=LEO  \\$aMP5.0001625350
=LEO  \\$aMP8.0001682243
=LEO  \\$aMP13.0001703290
=SRC  \\$aBNB03$bbibmp5.200404.2.ac
=SRC  \\$aDSC01$bbibmp8.200404.2.ac
=SRC  \\$aHSS01$bbibmp13.200404.2.ac
=LAS  \\$aBATCH$b00$c20091217$lBLL01$h0054

