=LDR  03983cam a22010095a 4500
=001  009464685
=003  Uk
=005  20230302175125.0
=008  930405s1992\\\\enkabc\||\\\\\010\|beng\\
=FMT  \\$a  BK
=015  \\$aGB9321303$2bnb
=019  y\$ab9321303
=019  9\$a0856981206
=019  y\$ab9317365
=019  9\$ab9317365
=019  a\$aG02030930
=019  1\$a0856981206
=020  \\$a0856981206
=035  \\$a(WlAbNL)A707094
=039  0\$a2250
=040  \\$aWlAbNL$dUk
=082  04$a932$220
=245  00$aStudies in Pharaonic religion and society :$bin honour of J. Gwyn Griffiths /$cedited by Alan B. Lloyd.
=260  \\$aLondon :$bEgypt Exploration Society,$cc1992.
=300  \\$axii,261p. :$bill., maps,port. ;$c28cm.
=336  \\$atext$2rdacontent
=337  \\$aunmediated$2rdamedia
=338  \\$avolume$2rdacarrier
=490  1\$aOccasional publications / Egypt Exploration Society ;$v8
=504  \\$aIncludes bibliographical references.
=546  \\$aArticles in English, German, Italian and French.
=540  \\$aCurrent Copyright Fee: GBP25.00$c0$5Uk
=600  14$aGriffiths, J. Gwyn$q(John Gwyn),$d1911-2004.
=650  \0$aPharaohs$xReligious life.
=650  \0$aPharaohs$xSocial life and customs.
=651  \0$aEgypt$xReligion.
=651  \0$aEgypt$xSocial life and customs$yTo 332 B.C.
=653  1\$aCivilisation$aHistory
=653  1\$aEgypt
=700  1\$aLloyd, Alan B.
=710  2\$aEgypt Exploration Society.
=886  2\$2ukmarc$a900$b10$aGriffiths$hJohn Gwyn$xSee$aGriffiths, J. Gwyn (John Gwyn),$x1911-$z600
=886  2\$2ukmarc$a900$b10$aLloyd$hAlan$c1941-$xSee$aLloyd, A. B. (Alan Brian),$x1941-$z700
=886  2\$2ukmarc$a900$b10$aLloyd$hAlan B.$xSee$aLloyd, A. B. (Alan Brian),$x1941-$z700
=886  2\$2ukmarc$a900$b10$aGriffiths$hJohn Gwyn$xSee$aGriffiths, J. Gwyn (John Gwyn),$x1911-$z700/1
=852  41$aBritish Library$bDSC$i6225.576000
=852  41$aBritish Library$bHMNTS$jYC.1993.b.5342
=945  \\$aOccasional Publications - Egypt Exploration Society ; v8
=CAT  \\$aCONV$b00$c20040425$lBLL90$h0823
=CAT  \\$aCONV$b00$c20040502$lBLL01$h1327
=CAT  \\$aglobal_upd$b40$c20060417$lBLL01$h0817
=CAT  \\$a11306$b40$c20080512$lBLL01$h1648
=CAT  \\$aBATCH-UPD$b40$c20080512$lBLL01$h1649
=CAT  \\$aBATCH$b00$c20091122$lBLL01$h1134
=CAT  \\$a11306$b40$c20120903$lBLL01$h1046
=CAT  \\$aBATCH-CLA$b00$c20120928$lBLL01$h1832
=CAT  \\$aBATCH-CLA$b00$c20120930$lBLL01$h1039
=CAT  \\$aBATCH-CLA$b00$c20130508$lBLL01$h0724
=CAT  \\$aBATCH-CLA$b00$c20131202$lBLL01$h0319
=CAT  \\$aIPL-CLA$c20131231$lBLL01$h2016
=CAT  \\$aBATCH-CLA$b00$c20161221$lBLL01$h2013
=CAT  \\$aIPL-CLA$c20161230$lBLL01$h1906
=CAT  \\$aBATCH-CLA$b00$c20171221$lBLL01$h1301
=CAT  \\$aIPL-CLA$c20171231$lBLL01$h1440
=CAT  \\$aBATCH-CLA$b00$c20201203$lBLL01$h1358
=CAT  \\$aIPL-CLA$c20201231$lBLL01$h2003
=CAT  \\$aBATCH-CLA$b00$c20221206$lBLL01$h1712
=CAT  \\$aIPL-CLA$c20221231$lBLL01$h1916
=CAT  \\$aBATCH-CLA$b00$c20230302$lBLL01$h1751
=CFI  0\$aCurrent Copyright Fee: GBP25.00$c0$e09-feb-2023$fGBP25.00$g0$hC$5Uk
=FIN  \\$aY
=LEO  \\$aMP5.0000304511
=LEO  \\$aMP5.0000806566
=LEO  \\$aMP5.0001751481
=LEO  \\$aMP8.0000957458
=LEO  \\$aMP13.0002086116
=SRC  \\$aBNB03$bbibmp5.200404.2.aa
=SRC  \\$aBNB03$bbibmp5.200404.2.ab
=SRC  \\$aBNB03$bbibmp5.200404.2.ad
=SRC  \\$aDSC01$bbibmp8.200404.2.ab
=SRC  \\$aHSS01$bbibmp13.200404.2.ad
=TCO  \\$aCLA$bCLA$c008
=ACF  \\$aPrevious Copyright Fee: GBP12.00$c0$e01-oct-2012$fGBP12.00$g0$hC$5Uk
=ACF  \\$aPrevious Copyright Fee: GBP12.30$c0$e01-jan-2014$fGBP12.30$g0$hC$5Uk
=ACF  \\$aPrevious Copyright Fee: GBP15.00$c0$e01-jan-2017$fGBP15.00$g0$hC$5Uk
=ACF  \\$aPrevious Copyright Fee: GBP17.50$c0$e01-jan-2018$fGBP17.50$g0$hC$5Uk
=LAS  \\$aBATCH-CLA$b00$c20230302$lBLL01$h1751

