=LDR  02227 am a2200601 a 4500
=001  009530997
=003  Uk
=005  20090706145611.0
=008  990908s1997\\\\cau\\\\\\b\\\\001\0|heb\\
=FMT  \\$a  BK
=019  2\$aiole41153
=019  s\$aoaoc06015
=020  \\$a0964097257
=020  \\$a9780964097254
=040  \\$aUk$cUk
=041  1\$aheb$beng
=042  \\$aukblsr
=050  00$aZ8431.7$b.A27 1997
=082  04$a296.16
=100  1\$6880-01$aAbrams, Daniel.
=245  10$6880-02$aReshimat ha-ketavim shel Profesor Mosheh Idel /$c[ʿarakh ṿe-hosif heʿarot Daniyel Abrams].
=246  3\$aBibliography of the writings of Professor Moshe Idel
=250  \\$6880-03$aHotsaʾah meyuḥedet bi-melot lo ḥamishim shanah.
=260  \\$6880-04$aLos Ang'eles :$bHotsaʾat Keruv,$c757 [1997]
=300  \\$a61, [2] p. ;$c25 cm.
=336  \\$atext$2rdacontent
=337  \\$aunmediated$2rdamedia
=338  \\$avolume$2rdacarrier
=546  \\$aIn Hebrew; foreword and added t.p. in English.
=600  10$6880-05$aIdel, Moshe,$d1947-$vBibliography.
=650  \0$aCabala$vBibliography.
=880  1\$6100-01//r$aאברמס, דניאל.
=880  10$6245-02//r$aרשימת הכתבים של פרופסור משה אידל /$c[ערך והוסיף הערות דניאל אברמס].
=880  \\$6250-03//r$aהוצאה מיוחדת במלאת לו חמישים שנה.
=880  \\$6260-04//r$aלוס אנג׳לס :$bהוצאת כרוב,$c1997.
=880  10$6600-05//r$aאידל, משה,$d1947-
=852  11$aBritish Library$bOC$jHEC.1998.a.281
=852  \\$aBritish Library$bOC$kOIC$h296.16
=957  \\$a980415d
=957  \\$r07/04/1998
=AQN  \\$aE56 Reading Room Ref.
=CAT  \\$aCONV$b00$c20040425$lBLL90$h0847
=CAT  \\$aCONV$b00$c20040502$lBLL01$h1329
=CAT  \\$a11837$b40$c20090706$lBLL01$h1452
=CAT  \\$a11837$b40$c20090706$lBLL01$h1456
=CAT  \\$aBATCH$b00$c20091209$lBLL01$h0435
=CAT  \\$aBATCH$b00$c20091214$lBLL01$h0518
=CAT  \\$aBATCH-UPD$b00$c20170825$lBLL01$h1600
=FIN  \\$aY$d20090706
=LEO  \\$aMP13.0000510805
=SRC  \\$aHSS01$bbibmp13.200404.2.aa
=SRC  \\$aMOP02$bbibm2.200404.2.aa
=LAS  \\$aBATCH-UPD$b00$c20170825$lBLL01$h1600

