=LDR  02537cam a2200709 a 4500
=001  009534760
=003  Uk
=005  20220331214723.0
=008  000502s2000\\\\enk\\\\\\d\\\\000\||eng\\
=FMT  \\$a  BK
=015  \\$aGB99V1837$2bnb
=019  y\$ab99V1837
=019  9\$a0198601603
=019  1\$a0198601603
=019  s\$aoagh20390
=019  4\$am700062475
=020  \\$a0198601603 :$c£29.99
=039  0\$a2589
=040  \\$aStDuBDS$dUk
=041  0\$aeng$arus
=082  04$a491.7321$221
=245  04$aThe Oxford Russian dictionary /$cRussian-English edited by Marcus Wheeler and Boris Unbegaun ; English-Russian edited by Paul Falla.
=246  3\$aRussian dictionary
=250  \\$a3rd ed. /$brevised and updated by Della Thompson.
=260  \\$aOxford :$bOxford University Press,$c2000.
=300  \\$axxi, 1293 p. ;$c27 cm.
=336  \\$atext$2rdacontent
=337  \\$aunmediated$2rdamedia
=338  \\$avolume$2rdacarrier
=500  \\$aPrevious ed.: i.e. 2nd ed. rev. with corrections, 1997.
=540  \\$aCurrent Copyright Fee: GBP22.50$c0$5Uk
=650  \0$aRussian language$vDictionaries$xEnglish.
=650  \0$aEnglish language$vDictionaries$xRussian.
=700  1\$aWheeler, Marcus.
=700  1\$aUnbegaun, B. O.$q(Boris Ottokar)
=700  1\$aFalla, P. S.$q(Paul Stephen),$d1913-2003.
=700  1\$aThompson, Della.
=852  41$aBritish Library$bDSC$jQ491.7321
=852  41$aBritish Library$bHMNTS$jYC.2000.b.730
=852  71$aBritish Library$bHMNTS$cSPHOA$kHLD RUS
=852  41$aBritish Library$bMAPS$jMaps Ref.B.2.(4.)
=985  \\$aUpgraded by BSS-generated file for WR2011-1473
=CAT  \\$aCONV$b00$c20040425$lBLL90$h0847
=CAT  \\$aCONV$b00$c20040502$lBLL01$h1329
=CAT  \\$a5375$b40$c20051115$lBLL01$h1131
=CAT  \\$aglobal_upd$b40$c20060417$lBLL01$h0820
=CAT  \\$a8874$b40$c20090108$lBLL01$h0851
=CAT  \\$aBATCH$b00$c20091209$lBLL01$h0436
=CAT  \\$aBATCH$b00$c20091214$lBLL01$h0518
=CAT  \\$aBATCH-UPD$b00$c20170210$lBLL01$h2042
=CAT  \\$aW2011-1473$b00$c20201124$lBLL01$h1837
=CAT  \\$aBATCH-CLAB$c20220330$lBLL01$h1539
=CAT  \\$aIPL-CLA$c20220331$lBLL01$h2147
=CFI  0\$aCurrent Copyright Fee: GBP22.50$c0$e01-apr-2022$fGBP22.50$g0$hC$5Uk
=FIN  \\$aY
=LEO  \\$aMP17.0000188491
=LEO  \\$aMP5.0001551393
=LEO  \\$aMP13.0001444211
=SRC  \\$aMAP01$bbibmp17.200404.2.aa
=SRC  \\$aBNB03$bbibmp5.200404.2.ac
=SRC  \\$aHSS01$bbibmp13.200404.2.ac
=LAS  \\$aIPL-CLA$b00$c20220331$lBLL01$h2147

