=LDR  01675 am a2200493ua 4500
=001  009539879
=003  Uk
=005  20091122120400.0
=008  981123s1997\\\\stk\\\\||\\\\\001\||eng\\
=FMT  \\$a  BK
=015  \\$aGB9809497$2bnb
=019  y\$ab9809497
=019  9\$a0906606160
=019  1\$a0906606160
=019  s\$aoagh19570
=020  \\$a0906606160 :$cNo price
=035  \\$a(StEdNL)E215354760
=039  0\$a2518
=040  \\$aStEdNL$dUk
=043  \\$ae-uk---
=082  04$a929.341$221
=245  00$aBritish birthplaces :$ba 'who was born where' listing of cities, towns, and villages where the famous were born : complete with personal name index /$ccompiled by A.J. Mullay.
=260  \\$aEdinburgh :$bWherewithal Books,$c1997.
=300  \\$a202 p. ;$c30 cm.
=336  \\$atext$2rdacontent
=337  \\$aunmediated$2rdamedia
=338  \\$avolume$2rdacarrier
=500  \\$aIncludes index.
=650  \0$aBirthplaces$zGreat Britain$xRegisters.
=650  \0$aRegisters of births, etc.$zGreat Britain.
=700  1\$aMullay, A. J.
=886  2\$2ukmarc$a900$b10$aMullay$hAlexander John$xSee$aMullay, A. J.$z700
=886  2\$2ukmarc$a900$b10$aMullay$hSandy$xSee also$aMullay, A. J.$z700
=852  41$aBritish Library$bHMNTS$jYC.1998.b.6168
=852  11$aBritish Library$bHMNTS$kHLR Enquiry Desk$h920.041
=CAT  \\$aCONV$b00$c20040425$lBLL90$h0847
=CAT  \\$aCONV$b00$c20040502$lBLL01$h1329
=CAT  \\$aBATCH$b00$c20091122$lBLL01$h1204
=FIN  \\$aY
=LEO  \\$aMP5.0001766459
=LEO  \\$aMP13.0002202801
=SRC  \\$aBNB03$bbibmp5.200404.2.ad
=SRC  \\$aHSS01$bbibmp13.200404.2.ad
=LAS  \\$aBATCH$b00$c20091122$lBLL01$h1204

