=LDR  02448 am a2200697ua 4500
=001  009540952
=003  Uk
=005  20151125164426.0
=008  020812s2002\\\\enk\\\\||\\\\\000\||eng\\
=FMT  \\$a  BK
=015  \\$aGBA1W7815$2bnb
=019  y\$abA1W7815
=019  9\$a1856044343
=019  1\$a1856044343
=019  s\$aoabl01592
=019  g\$aadv5003471750
=019  a\$aG07243643
=020  \\$a1856044343 (pbk.) :$c£24.95
=039  0\$a2704
=040  \\$aStDuBDS$dUk
=082  04$a025.52$221
=100  1\$aDuckett, R. J.$q(Robert John)
=245  10$aKnow it all, find it fast :$ban A-Z source guide for the enquiry desk /$cBob Duckett, Peter Walker, Christinea Donnelly.
=260  \\$aLondon :$bLibrary Association,$c2002.
=300  \\$axvii, 340 p. ;$c24 cm.
=336  \\$atext$2rdacontent
=337  \\$aunmediated$2rdamedia
=338  \\$avolume$2rdacarrier
=504  \\$aIncludes bibliographical references.
=650  \0$aInformation resources.
=700  1\$aWalker, Peter,$d1967-
=700  1\$aDonnelly, Christinea.
=886  2\$2ukmarc$a900$b10$aDuckett$hRobert John$xSee$aDuckett, R. J. (Robert John)$z100
=886  2\$2ukmarc$a900$b10$aDuckett$hBob$xSee$aDuckett, R. J. (Robert John)$z100
=886  2\$2ukmarc$a900$b10$aWalker$hP.$xSee also$aWalker, Peter$z700
=852  41$aBritish Library$bDSC$jm06/.16138
=852  41$aBritish Library$bHMNTS$j2719.k.2998
=852  41$aBritish Library$bHMNTS$jOPQ025.52$3[Another copy]
=852  11$aBritish Library$bHMNTS$cSPHOA$kR.B. Ref.$3[Another copy in Rare Books Reference Service Office]
=957  \\$r3/7/02$tM/31761-19
=966  \\$lACQUIS 11/07/2002
=985  \\$aRecord merged by DQ team
=CAT  \\$aCONV$b00$c20040425$lBLL90$h0847
=CAT  \\$aCONV$b00$c20040502$lBLL01$h1329
=CAT  \\$a8871$b40$c20050224$lBLL01$h1136
=CAT  \\$a8871$b40$c20050224$lBLL01$h1137
=CAT  \\$aglobal_upd$b40$c20060417$lBLL01$h0821
=CAT  \\$aBATCH$b00$c20091122$lBLL01$h1204
=CAT  \\$a7416$b40$c20151125$lBLL01$h1644
=FIN  \\$aY
=LDO  \\$aCIP$bpbk$c2/7/02
=LEO  \\$aMP5.0000409290
=LEO  \\$aMP5.0001830061
=LEO  \\$aMP8.0001727341
=LEO  \\$aMP13.0002366115
=SRC  \\$aBNB03$bbibmp5.200404.2.aa
=SRC  \\$aBNB03$bbibmp5.200404.2.ad
=SRC  \\$aDSC01$bbibmp8.200404.2.ac
=SRC  \\$aHSS01$bbibmp13.200404.2.ad
=SRC  \\$aLDS01$bbiblm.200404.2.aa
=LAS  \\$a7416$b40$c20151125$lBLL01$h1644

