=LDR  02263cam a2200625ua 4500
=001  009541588
=003  Uk
=005  20221231191724.0
=008  901115s1986\\\\gw\\\\\\\d\\\\000\0\eng\\
=FMT  \\$a  BK
=019  1\$a3110105594
=019  s\$aoagh00156
=019  a\$aG00620930
=020  \\$a0899251374
=020  \\$a3110105594
=040  \\$aUk$cUk$dUk
=082  0\$a001.5103$219
=245  00$aEncyclopedic dictionary of semiotics /$ceditor-in-chief, Thomas A. Sebeok ; editorial board, Paul Bouissac ... [et al.].
=260  \\$aBerlin :$bMouton de Gruyter,$c1986.
=300  \\$a3 v. ;$c25 cm.
=336  \\$atext$2rdacontent
=337  \\$aunmediated$2rdamedia
=338  \\$avolume$2rdacarrier
=490  0\$aApproaches to semiotics ;$v73
=505  0\$at. 1. A-M -- t. 2. N-Z -- t. 3. Bibliography.
=597  \\$aDLC$b86018174
=540  \\$aCurrent Copyright Fee: GBP25.00$c0$5Uk
=650  \0$aSemiotics$vDictionaries.
=700  1\$aSebeok, Thomas A.$q(Thomas Albert),$d1920-2001.
=852  41$aBritish Library$bDSC$j1580.400000$i73
=852  11$aBritish Library$bHMNTS$hYD.2009 .a.4206
=945  \\$aApproaches to semiotics ; 73
=957  \\$a8611p
=CAT  \\$aCONV$b00$c20040425$lBLL90$h0847
=CAT  \\$aCONV$b00$c20040502$lBLL01$h1329
=CAT  \\$a3900$b40$c20060106$lBLL01$h1504
=CAT  \\$a5194$b40$c20071107$lBLL01$h1133
=CAT  \\$a5194$b40$c20071107$lBLL01$h1136
=CAT  \\$aBATCH$b00$c20091122$lBLL01$h1204
=CAT  \\$a6537$b40$c20100726$lBLL01$h1120
=CAT  \\$aBATCH-CLA$b00$c20191223$lBLL01$h1406
=CAT  \\$aIPL-CLA$c20191231$lBLL01$h1801
=CAT  \\$aBATCH-CLA$b00$c20201204$lBLL01$h1442
=CAT  \\$aIPL-CLA$c20201231$lBLL01$h2004
=CAT  \\$aBATCH-CLA$b00$c20221221$lBLL01$h1747
=CAT  \\$aIPL-CLA$c20221231$lBLL01$h1917
=CFI  0\$aCurrent Copyright Fee: GBP25.00$c0$e01-jan-2023$fGBP25.00$g0$hA$5Uk
=CFI  2\$aPrevious Copyright Fee: GBP22.50$c0$e01-jan-2021$fGBP22.50$g0$hA$5Uk
=FIN  \\$aY
=LEO  \\$aMP8.0000249205
=LEO  \\$aMP13.0002519756
=SRC  \\$aDSC01$bbibmp8.200404.2.aa
=SRC  \\$aHSS01$bbibmp13.200404.2.ae
=ACF  \\$aPrevious Copyright Fee: GBP20.00$c0$e01-jan-2020$fGBP20.00$g0$hA$5Uk
=LAS  \\$aIPL-CLA$b00$c20221231$lBLL01$h1917

