=LDR  02866 as a22007337a 4500
=001  009559845
=003  Uk
=005  20081015152324.0
=007  ta
=008  850917c19699999vp\uu\p\\\\\\\1\\\a0eng\\
=FMT  \\$a  SE
=019  0\$as283270012
=019  c\$a2612085
=040  \\$aUk$cUk$dUk
=084  \\$aKH 673$2blsrissc
=084  \\$aHE 18$2blsrissc
=084  \\$aKG 66$2blsrissc
=111  2\$aInternational Symposium on Microsomes and Drug Oxidations.
=245  10$aInternational Symposium on Microsomes and Drug Oxidations.
=260  \\$c1969-
=336  \\$atext$2rdacontent
=337  \\$aunmediated$2rdamedia
=338  \\$avolume$2rdacarrier
=595  \\$aFormerly 5760.604000 change between 8th(1990) and 10th(1994); see also 5760.604000 for SPIS holdings.
=500  \\$aPublisher varies.
=500  \\$aSize varies.
=515  \\$aSymposium numbering begins with 2nd.
=540  \\$aBritish Library not licensed to copy$c0$5Uk
=852  41$aBritish Library$bDSC$j4550.275600$310th (1994)-11th (1996); 15th (2004); 17th (2008)
=852  71$aBritish Library$bSTI$2blsrissc$3[1st](1968)-
=945  \\$aINTERNATIONAL SYMPOSIUM ON MICROSOMES AND DRUG OXIDATIONS.
=959  \\$fHeld but not currently received
=968  \\$bX
=CAT  \\$aCONV$b00$c20040425$lBLL90$h0854
=CAT  \\$aCONV$b00$c20040502$lBLL01$h1330
=CAT  \\$a10932$b40$c20081015$lBLL01$h1523
=CAT  \\$aBATCH$b00$c20091209$lBLL01$h0443
=CAT  \\$aBATCH$b00$c20091214$lBLL01$h0525
=CAT  \\$aBATCH-UPD$b00$c20100225$lBLL01$h2353
=CAT  \\$aBATCH-UPD$b00$c20100331$lBLL01$h2144
=CAT  \\$aBATCH-UPD$b00$c20100401$lBLL01$h0117
=CAT  \\$aBATCH$b00$c20100401$lBLL01$h0423
=CAT  \\$aBATCH$b00$c20100401$lBLL01$h1438
=CAT  \\$aBATCH-UPD$b00$c20101124$lBLL01$h1820
=CAT  \\$aBATCH-UPD$b00$c20101125$lBLL01$h1040
=CAT  \\$aIPL-CLA$c20101231$lBLL01$h1306
=CAT  \\$aBATCH-UPD$b00$c20110907$lBLL01$h1806
=CAT  \\$aIPL-CLA$c20110908$lBLL01$h1721
=CAT  \\$aBATCH-CLA$b00$c20121104$lBLL01$h1003
=CAT  \\$aWR13.005$c20130323$lBLL01$h1239
=CFI  0\$aBritish Library not licensed to copy$c0$e07-sep-2011$hC$iTX$5Uk
=CFI  2\$aPrevious copyright fee: GBP10.50$c0$e01-jan-2011$fGBP10.50$g0$hA$5Uk
=FIN  \\$aY
=LEO  \\$aMP10.0000298838
=LEO  \\$aMP25.0000121349
=SRC  \\$aDSS01$bbibmp10.200404.2.aa
=SRC  \\$aSRI01$bbibmp25.200404.2.aa
=SRC  \\$aDSS03$bbibsr.200404.2.aa
=TCO  \\$aXXX$c008
=ACF  \\$aPrevious copyright fee: GBP9.00$c0$e01-apr-2010$fGBP9.00$g0$hA$5Uk
=ACF  \\$aPrevious copyright fee: GBP6.00$c0$e01-apr-2008$fGBP6.00$g0$hA$5Uk
=ACF  \\$aPrevious copyright fee: GBP5.00$c0$e01-jul-2002$fGBP5.00$g0$hA$5Uk
=ACF  \\$aCurrent copyright fee: GBP2.50$c0$e30-nov-2001$fGBP2.50$g0$hC$5Uk
=LAS  \\$aWR13.005$b00$c20130323$lBLL01$h1239

