=LDR  02180 am a2200673 a 4500
=001  009667915
=003  Uk
=005  20130109144442.0
=008  750105m19671986enka\\\\\\\\\\000\0|eng\\
=FMT  \\$a  BK
=015  \\$aGB6707769$2bnb
=019  y\$aB6707769
=019  9\$ab6707769
=019  x\$a343052007X
=019  y\$aB6608173
=019  9\$ab6608173
=019  y\$aB6707182
=019  y\$aB6713172
=019  9\$ab6713172
=019  y\$aB6820906
=019  9\$ab6820906
=019  y\$aB6820907
=019  9\$ab6820907
=040  \\$aUk$beng$cUk
=042  \\$aukblsr
=082  04$a914.280485$223
=100  1\$aWade, H. O.$q(Harold Osmond)
=245  10$aExploring the North-East /$cby H.O. Wade.
=260  \\$a[Newcastle?] :$bH.O. Wade,$c1967-
=300  \\$a6 v. :$bill. ;$c23 cm.
=336  \\$atext$2rdacontent
=337  \\$aunmediated$2rdamedia
=338  \\$avolume$2rdacarrier
=500  \\$aTitle from cover.
=500  \\$aPrevious parts (B63-9949, B65-11645) published as On foot in Northumberland.
=505  0\$aPt. 1. Hexham area -- pt. 2. Morpeth area -- pt. 3. The coastal area of outstanding natural beauty -- pt. 4. The Northumberland National Park -- pt. 5. Alnwick area.
=500  \\$aDescription based on: pt. 3.
=500  \\$aReprinted from the 'Newcastle Evening Chronicle'.
=651  \0$aEngland, North East$xDescription and travel.
=852  41$aBritish Library$bHMNTS$ipt. 3
=852  41$aBritish Library$bHMNTS$jYD.2013.a.155
=852  41$aBritish Library$bHMNTS$jX.0809/109.
=CAT  \\$aCONV$b00$c20040425$lBLL90$h0521
=CAT  \\$aCONV$b00$c20040502$lBLL01$h1335
=CAT  \\$aglobal_upd$b40$c20060417$lBLL01$h0845
=CAT  \\$aBATCH-UPD$b40$c20100212$lBLL01$h1839
=CAT  \\$a11070$b40$c20130107$lBLL01$h1255
=CAT  \\$a11070$b40$c20130109$lBLL01$h1444
=FIN  \\$aY
=LEO  \\$aMP2.0000299343
=LEO  \\$aMP2.0000276735
=LEO  \\$aMP1.0004096888
=LEO  \\$aMP2.0000272236
=LEO  \\$aMP2.0000252078
=LEO  \\$aMP2.0000271742
=LEO  \\$aMP2.0000299344
=SRC  \\$aBLS01$bbibmp1.200404.2.ae
=SRC  \\$aBNB01$bbibmp2.200404.2.aa
=LAS  \\$a11070$b40$c20130109$lBLL01$h1444

