=LDR  02191cam a22006133u 4500
=001  009688285
=003  Uk
=005  20230331162028.0
=008  750419s1975\\\\enkac\\\|\\\\\101\|\eng\\
=FMT  \\$a  BK
=010  \\$a74015759
=015  \\$aGB7509592$2bnb
=019  y\$aB7509592
=019  9\$a0677159854
=020  \\$a0677159854 (pbk) :$c£10.90
=040  \\$aUk$cUk
=050  00$aQD940
=082  04$a548/.85$218
=082  04$a548/.85$219
=111  2\$aSymposium on Magnetoelectric Interaction Phenomena in Crystals$d(1973 :$cBattelle Seattle Research Center)
=245  10$aMagnetoelectric interaction phenomena in crystals /$cedited by Arthur J. Freeman and Hans Schmid.
=260  \\$aLondon :$bGordon and Breach,$c1975.
=300  \\$aviii,228p. :$bill., ports. ;$c27cm.
=336  \\$atext$2rdacontent
=337  \\$aunmediated$2rdamedia
=338  \\$avolume$2rdacarrier
=500  \\$aHeld 21-24 May, 1973.
=500  \\$aIncludes index.
=597  \\$aDLC$b74015759
=540  \\$aCurrent Copyright Fee: GBP34.00$c0$5Uk
=650  \0$aCrystals$xMagnetic properties$xCongresses.
=650  \0$aCrystals$xElectric properties$xCongresses.
=653  \\$aCrystals$aMagnetoelectric properties
=700  1\$aFreeman, Arthur Jay.
=700  1\$aSchmid, Hans.
=852  4\$aBritish Library$bDSC$jq75/16278$xMissing
=852  4\$aBritish Library$bDSC$x2 Copies
=CAT  \\$aCONV$b00$c20040425$lBLL90$h0527
=CAT  \\$aCONV$b00$c20040502$lBLL01$h1336
=CAT  \\$aglobal_upd$b40$c20060417$lBLL01$h0853
=CAT  \\$aUCB-HOL$b00$c20070921$lBLL01$h1612
=CAT  \\$aBATCH$b00$c20070921$lBLL01$h1916
=CAT  \\$aBATCH$b00$c20071123$lBLL01$h0110
=CAT  \\$aBATCH-CLAB$c20220330$lBLL01$h1819
=CAT  \\$aIPL-CLA$c20220331$lBLL01$h2148
=CAT  \\$aBATCH-CLAB$c20230324$lBLL01$h1429
=CAT  \\$aIPL-CLA$c20230331$lBLL01$h1620
=CFI  0\$aCurrent Copyright Fee: GBP34.00$c0$e01-apr-2023$fGBP34.00$g0$hC$5Uk
=CFI  2\$aPrevious Copyright Fee: GBP28.00$c0$e01-apr-2022$fGBP28.00$g0$hC$5Uk
=FIN  \\$aY
=LEO  \\$aMP3.0000105031
=SRC  \\$aBNB02$bbibmp3.200404.2.aa
=SRC  \\$aUCB 2007
=LAS  \\$aIPL-CLA$b00$c20230331$lBLL01$h1620

