=LDR  01160 am a22003613u 4500
=001  009758652
=003  Uk
=005  20091209225100.0
=008  \\\\\\|1981\\\\|||\\\\||\\\\\000\||eng\\
=FMT  \\$a  BK
=019  a\$aG00240528
=040  \\$aUk$cUk
=100  1\$aPunalekar, S P.
=245  00$aDevelopment Plan with social inputs Sabarkantha District (1980-81 to 1984-85).
=260  \\$aSurat :$bCentre for Social Studies,$c1981.
=336  \\$atext$2rdacontent
=337  \\$aunmediated$2rdamedia
=338  \\$avolume$2rdacarrier
=852  4\$aBritish Library$bDSC$j81/31105
=852  4\$aBritish Library$bDSC$x81/31105
=852  41$aBritish Library$bDSC$j81/31105
=CAT  \\$aCONV$b00$c20040425$lBLL90$h0632
=CAT  \\$aCONV$b00$c20040502$lBLL01$h1338
=CAT  \\$aglobal_upd$b40$c20060417$lBLL01$h0902
=CAT  \\$aUCB-HOL$b00$c20070921$lBLL01$h1613
=CAT  \\$aBATCH$b00$c20070921$lBLL01$h1917
=CAT  \\$aBATCH$b00$c20071123$lBLL01$h0111
=CAT  \\$aBATCH$b00$c20091209$lBLL01$h2251
=FIN  \\$aY
=LEO  \\$aMP8.0000072907
=SRC  \\$aDSC01$bbibmp8.200404.2.aa
=SRC  \\$aUCB 2007
=LAS  \\$aBATCH$b00$c20091209$lBLL01$h2251

