=LDR  01204 am a22003493u 4500
=001  009814688
=003  Uk
=005  20061202155323.0
=008  000726s2000\\\\be\c\\\||\\\\o000\||eng\\
=FMT  \\$a  BK
=019  a\$aG07026445
=020  \\$a9282417875
=040  \\$aUk$cUk
=082  04$a341.242$222
=245  00$aInformation handbook of the Council of the European Union.
=260  \\$aBrussels :$bGeneral Secretariat of the Council of the European Union, DG F Information, Transparency, Public Relations,$c2000.
=300  \\$a77 p.
=336  \\$atext$2rdacontent
=337  \\$aunmediated$2rdamedia
=338  \\$avolume$2rdacarrier
=710  2\$aCouncil of the European Union.$bInformation Policy, Transparency and Public Relations.
=852  41$aBritish Library$bHMNTS$jEU341.242
=852  41$aBritish Library$bDSC$i4493.60455
=CAT  \\$aCONV$b00$c20040425$lBLL90$h0651
=CAT  \\$aCONV$b00$c20040502$lBLL01$h1339
=CAT  \\$aglobal_upd$b40$c20060417$lBLL01$h0921
=CAT  \\$a6989$b40$c20061202$lBLL01$h1553
=CAT  \\$aBATCH$b00$c20091209$lBLL01$h2323
=FIN  \\$aY
=LEO  \\$aMP8.0001649378
=SRC  \\$aDSC01$bbibmp8.200404.2.ac
=LAS  \\$aBATCH$b00$c20091209$lBLL01$h2323

