=LDR  01274 am a22003733u 4500
=001  009820330
=003  Uk
=005  20061202155124.0
=008  001002s2000\\\\lu\ac\\||\\\\o000\||eng\\
=FMT  \\$a  BK
=019  a\$aG07068693
=020  \\$a9282417980
=040  \\$aUk$cUk
=082  04$a341.242$222
=245  03$aAn introduction to the Council of the European Union.
=260  \\$aLuxembourg :$bOffice for Official Publications of the European Communities,$c2000.
=300  \\$a39 p.
=336  \\$atext$2rdacontent
=337  \\$aunmediated$2rdamedia
=338  \\$avolume$2rdacarrier
=710  2\$aOffice for Official Publications of the European Communities.
=710  2\$aCouncil of the European Union.$bGeneral Secretariat.
=852  41$aBritish Library$bHMNTS$jEU341.242
=852  41$aBritish Library$bDSC$i4557.49065
=945  \\$aIntroduction to the council of the European Union ; Feb 00
=CAT  \\$aCONV$b00$c20040425$lBLL90$h0652
=CAT  \\$aCONV$b00$c20040502$lBLL01$h1340
=CAT  \\$aglobal_upd$b40$c20060417$lBLL01$h0923
=CAT  \\$a6989$b40$c20061202$lBLL01$h1551
=CAT  \\$aBATCH$b00$c20091209$lBLL01$h2326
=FIN  \\$aY
=LEO  \\$aMP8.0001665698
=SRC  \\$aDSC01$bbibmp8.200404.2.ac
=LAS  \\$aBATCH$b00$c20091209$lBLL01$h2326

