=LDR  03797aas a2200961 a 4500
=001  007171726
=003  Uk
=005  20071030082048.0
=007  ta
=008  020406c20019999lu\uu\p\\s\\\i0\\\a0eng\d
=FMT  \\$a  SE
=010  \\$a2002238313
=019  c\$a2615658
=022  0\$a1680-8231
=035  \\$a(OCoLC)ocm49530454
=040  \\$aDAU-L$beng$cDAU-L$dInU$dDLC$dMUQ$dDLC$dTNJ$dUk
=042  \\$aukblsr
=043  \\$ae------
=050  00$aHF5429.6.E9$bD57
=082  04$a381.1094021$222
=222  \0$aDistributive trades in Europe$b(Print)
=245  00$aDistributive trades in Europe.
=260  \\$aLuxembourg :$bOffice for Official Publications of the European Communities,$cc2001-
=300  \\$av. :$bcol. ill. ;$c30 cm.
=336  \\$atext$2rdacontent
=337  \\$aunmediated$2rdamedia
=338  \\$avolume$2rdacarrier
=362  0\$a2001 ed.-
=490  0\$aPanorama of the European Union
=490  0\$aTheme 4--Industry, trade, and services
=595  \\$aSEE ALSO 6849.11915.
=515  \\$aEd. for 2001- covers data for the years 1995/99-
=520  \\$a"Detailed analysis of the distribution sector in Europe."
=550  \\$aIssued by: Eurostat.
=580  \\$aIssued also in pocketbook format.
=540  \\$aBritish Library not licensed to copy$c0$5Uk
=650  \0$aRetail trade$zEurope$vStatistics$vPeriodicals.
=650  \0$aWholesale trade$zEurope$vStatistics$vPeriodicals.
=650  \0$aDistributors (Commerce)$zEurope$vStatistics$vPeriodicals.
=651  \0$aEuropean Union countries$vStatistics$vPeriodicals.
=690  7\$aManagement and Business Studies$2blcoll
=710  2\$aStatistical Office of the European Communities.
=787  1\$tDistributive trades in Europe (Pocketbook ed.)
=852  41$aBritish Library$bSTI$2blsrissc$32001
=852  41$aBritish Library$bDSC$j3604.106000$32001 *A=1
=945  \\$aDISTRIBUTIVE TRADES IN EUROPE
=A02  \\$a2615658
=CAT  \\$aCONV$b00$c20040425$lBLL90$h0702
=CAT  \\$aCONV$b00$c20040502$lBLL01$h1211
=CAT  \\$c20041008$lBLL01$h2308
=CAT  \\$a8323$b40$c20071030$lBLL01$h0820
=CAT  \\$aBATCH-UPD$b40$c20080223$lBLL01$h2044
=CAT  \\$aBATCH-UPD$b40$c20080225$lBLL01$h2336
=CAT  \\$aBATCH-UPD$b40$c20080330$lBLL01$h0035
=CAT  \\$aBATCH-UPD$b40$c20080330$lBLL01$h1040
=CAT  \\$aBATCH$b00$c20080330$lBLL01$h1823
=CAT  \\$aBATCH$b00$c20090517$lBLL01$h1817
=CAT  \\$aBATCH$b00$c20091207$lBLL01$h0408
=CAT  \\$aBATCH$b00$c20091214$lBLL01$h0211
=CAT  \\$aBATCH-UPD$b00$c20100225$lBLL01$h2251
=CAT  \\$aBATCH-UPD$b00$c20100331$lBLL01$h2039
=CAT  \\$aBATCH-UPD$b00$c20100401$lBLL01$h0018
=CAT  \\$aBATCH$b00$c20100401$lBLL01$h0330
=CAT  \\$aBATCH$b00$c20100401$lBLL01$h1329
=CAT  \\$aBATCH-UPD$b00$c20101124$lBLL01$h1721
=CAT  \\$aBATCH-UPD$b00$c20101125$lBLL01$h0945
=CAT  \\$aIPL-CLA$c20101231$lBLL01$h1147
=CAT  \\$aBATCH-UPD$b00$c20110907$lBLL01$h1752
=CAT  \\$aIPL-CLA$c20110908$lBLL01$h1704
=CAT  \\$aBATCH-CLA$b00$c20121103$lBLL01$h1030
=CAT  \\$aWR13.005$c20130323$lBLL01$h1245
=CFI  0\$aBritish Library not licensed to copy$c0$e07-sep-2011$hC$iTX$5Uk
=CFI  2\$aPrevious copyright fee: GBP10.50$c0$e01-jan-2011$fGBP10.50$g0$hA$5Uk
=FIN  \\$aY
=LEO  \\$aMP10.0000192176
=SID  \\$aZ39$bLOC
=SRC  \\$aDSS01$bbibmp10.200404.2.aa
=TCO  \\$aXXX$c008
=ACF  \\$aPrevious copyright fee: GBP9.00$c0$e01-apr-2010$fGBP9.00$g0$hA$5Uk
=ACF  \\$aPrevious copyright fee: GBP6.00$c0$e01-apr-2008$fGBP6.00$g0$hA$5Uk
=ACF  \\$aPrevious copyright fee: GBP5.00$c0$e01-jul-2002$fGBP5.00$g0$hA$5Uk
=ACF  \\$aCurrent copyright fee: GBP4.40$c0$e21-mar-2002$fGBP4.40$g0$hA$5Uk
=LAS  \\$aWR13.005$b00$c20130323$lBLL01$h1245

