=LDR  03993cas a2200973 a 4500
=001  007187832
=003  Uk
=005  20221231182431.0
=007  ta
=008  040409d19532011sa\ax\p\\\\\\\0\\\a0eng\\
=FMT  \\$a  SE
=019  c\$a2122006
=019  0\$as23492800x
=022  0\$a0078-8554
=040  \\$aUk$cUk$dUk
=082  04$a560$221
=084  \\$aCF 00$2blsrissc
=210  0\$aPalaeontol. Afr.
=222  \0$aPalaeontologia Africana
=245  00$aPalaeontologia Africana.
=246  3\$aAnnals of the Bernard Price Institute for Palaeontological Research
=260  \\$aJohannesburg :$bUniversity of the Witwatersrand,$c1953-
=300  \\$av. ;$c25 cm.
=310  \\$aIrregular
=336  \\$atext$2rdacontent
=337  \\$aunmediated$2rdamedia
=338  \\$avolume$2rdacarrier
=500  \\$aAnnals of the Bernard Price Institute for Palaeontological Research.
=540  \\$aCurrent Copyright Fee: GBP25.00$c0$5Uk
=650  \0$aPaleontology$zAfrica$vPeriodicals.
=650  \0$aPaleontology$vPeriodicals.
=710  2\$aBernard Price Institute for Palaeontological Research.
=852  41$aBritish Library$bDSC$j6343.680000$3Vol. 1 (1953)-v. 34 (1997)***UKRR Retained Title
=852  71$aBritish Library$bSTI$k(P)$kCF 00$m-E(9)$2blsrissc$3Vol. 1 (1953)- v. 46 (2011)***UKRR Retained Title
=945  \\$aPALAEONTOLOGIA AFRICANA.
=959  \\$fHeld but not currently received
=963  \\$aCA/U-6 1953- *A=1$bY
=964  \\$a[19 ?]- *A=1$c551:56$dO$eJP057
=985  \\$aRecord merged by SUNCAT team
=A02  \\$a2122006
=CAT  \\$aCONV$b00$c20040425$lBLL90$h0708
=CAT  \\$a5997$b40$c20070514$lBLL01$h1043
=CAT  \\$a5997$b40$c20070514$lBLL01$h1047
=CAT  \\$aBATCH$b00$c20091207$lBLL01$h0414
=CAT  \\$aBATCH$b00$c20091214$lBLL01$h0219
=CAT  \\$aBATCH$b00$c20091216$lBLL01$h0040
=CAT  \\$aBATCH-UPD$b00$c20101201$lBLL01$h1209
=CAT  \\$aIPL-CLA$c20101231$lBLL01$h1153
=CAT  \\$aWR11_203$c20111204$lBLL01$h1253
=CAT  \\$aIPL-CLA$c20111230$lBLL01$h1657
=CAT  \\$aBATCH-CLA$b00$c20121103$lBLL01$h1028
=CAT  \\$aWR13.005$c20130323$lBLL01$h1308
=CAT  \\$aBATCH-CLA$c20131217$lBLL01$h0105
=CAT  \\$aIPL-CLA$c20131231$lBLL01$h1841
=CAT  \\$aBATCH-CLA$b00$c20161222$lBLL01$h1654
=CAT  \\$aIPL-CLA$c20161230$lBLL01$h1802
=CAT  \\$aBATCH-CLA$b00$c20171222$lBLL01$h1949
=CAT  \\$aIPL-CLA$c20171231$lBLL01$h1338
=CAT  \\$aBATCH-CLA$b00$c20191219$lBLL01$h1619
=CAT  \\$aIPL-CLA$c20191231$lBLL01$h1713
=CAT  \\$aR2001-1524$c20200127$lBLL01$h1922
=CAT  \\$aBATCH-CLA$b00$c20201204$lBLL01$h1414
=CAT  \\$aIPL-CLA$c20201231$lBLL01$h1907
=CAT  \\$a6490$b40$c20210413$lBLL01$h1442
=CAT  \\$aBATCH-CLA$b00$c20221221$lBLL01$h1717
=CAT  \\$aIPL-CLA$c20221231$lBLL01$h1824
=CFI  0\$aCurrent Copyright Fee: GBP25.00$c0$e01-jan-2023$fGBP25.00$g0$hA$5Uk
=CFI  2\$aPrevious Copyright Fee: GBP22.50$c0$e01-jan-2021$fGBP22.50$g0$hA$5Uk
=FIN  \\$aY
=LEO  \\$aMP25.0000091230
=LEO  \\$aMP10.0000428906
=SRC  \\$aSRI01$bbibmp25.200404.2.aa
=SRC  \\$aDSS01$bbibmp10.200404.2.aa
=TCO  \\$aZAF$bDALRO$c008
=ACF  \\$aPrevious copyright fee: GBP5.00$c0$e01-jul-2001$fGBP5.00$g0$hC$5Uk
=ACF  \\$aCurrent copyright fee: GBP2.50$c0$e01-jul-1998$fGBP2.50$g0$hC$5Uk
=ACF  \\$aCurrent copyright fee: GBP2.30$c0$e01-apr-1997$fGBP2.30$g0$hC$5Uk
=ACF  \\$aPrevious copyright fee: GBP10.50$c0$e01-jan-2011$fGBP10.50$g0$hA$5Uk
=ACF  \\$aPrevious copyright fee: GBP12.00$c0$e01-jan-2012$fGBP12.00$g0$hA$5Uk
=ACF  \\$aPrevious Copyright Fee: GBP12.30$c0$e01-jan-2014$fGBP12.30$g0$hA$5Uk
=ACF  \\$aPrevious Copyright Fee: GBP15.00$c0$e01-jan-2017$fGBP15.00$g0$hA$5Uk
=ACF  \\$aPrevious Copyright Fee: GBP17.50$c0$e01-jan-2018$fGBP17.50$g0$hA$5Uk
=ACF  \\$aPrevious Copyright Fee: GBP20.00$c0$e01-jan-2020$fGBP20.00$g0$hA$5Uk
=LAS  \\$aIPL-CLA$b00$c20221231$lBLL01$h1824

