=LDR  04354cas a2200961 a 4500
=001  007212058
=003  Uk
=005  20221231182603.0
=007  ta
=008  040417d19561989enkar\\\\\\\\\0\\\a0eng\\
=FMT  \\$a  SE
=040  \\$aUk$beng$cUk$dUk
=042  \\$aukblsr
=082  04$a338.76213109423$223
=110  2\$aSouth Western Electricity Board.
=245  10$aAnnual report and accounts /$cSouth Western Electricity Board.
=246  13$aAnnual report
=246  13$aReport and accounts
=246  13$aReport and accounts with report of Electricity Consultative Council,$f-1957/1958
=246  13$aReport and accounts and the report of the South Western Electricity Consultative Council,$f1958/1959-1961/1962
=246  13$aAnnual report and accounts together with report of the Electricity Consultative Council,$f1963/1964-1969
=246  13$aSWEB annual report and accounts
=260  \\$aLondon :$bHer Majesty's Stationery Office,$c1957-[1989]
=260  3\$aBristol :$bSouth Western Electricity Board
=300  \\$av. :$bmaps (black and white) ;$c30 cm.
=310  \\$aAnnual
=336  \\$atext$2rdacontent
=337  \\$aunmediated$2rdamedia
=338  \\$avolume$2rdacarrier
=595  \\$aCONTD AS 3590.9745N.
=500  \\$a1967/1968: Together with the report of the Electricity Consultative Council.
=588  \\$aDescription based on: 1972/73 issue.
=588  \\$aLatest issue consulted: 1985/86.
=540  \\$aCurrent Copyright Fee: GBP25.00$c0$5Uk
=610  20$aSouth Western Electricity Board$vPeriodicals.
=610  20$aSouth Western Electricity Board$xFinance$vPeriodicals.
=690  7\$aManagement and Business Studies$2blcoll
=780  00$aSouth Western Electricity Board.$tReport and accounts
=785  00$aSouth Western Electricity (Firm).$t[Annual reports, financial reports, etc.]
=852  41$aBritish Library$bSTI$cBIPC$jBIS$31968-1989
=852  41$aBritish Library$bHMNTS$iB.S.85/14.$31956/57-
=852  41$aBritish Library$bDSC$j1502.866000$31972/1973-1985/1986***UKRR Retained Title
=945  \\$aAnnual report and accounts- South Western Electricity Board
=959  \\$fHeld but not currently received
=A02  \\$a1032099$z32099
=CAT  \\$aCONV$b00$c20040425$lBLL90$h0713
=CAT  \\$aCONV$b00$c20040502$lBLL01$h1212
=CAT  \\$aBATCH$b00$c20091207$lBLL01$h0422
=CAT  \\$aBATCH$b00$c20091214$lBLL01$h0228
=CAT  \\$aBATCH$b00$c20091216$lBLL01$h0047
=CAT  \\$a5997$b40$c20130122$lBLL01$h0927
=CAT  \\$a12500$b40$c20130122$lBLL01$h1643
=CAT  \\$aBATCH-MBS$c20130125$lBLL01$h2108
=CAT  \\$aBATCH-CLA$c20131217$lBLL01$h0108
=CAT  \\$aIPL-CLA$c20131231$lBLL01$h1844
=CAT  \\$a8124$b40$c20160630$lBLL01$h1346
=CAT  \\$a8124$b40$c20160630$lBLL01$h1349
=CAT  \\$a8124$b40$c20160630$lBLL01$h1350
=CAT  \\$a8124$b40$c20160708$lBLL01$h1407
=CAT  \\$a8124$b40$c20160708$lBLL01$h1426
=CAT  \\$aBATCH-CLA$b00$c20161222$lBLL01$h1655
=CAT  \\$aIPL-CLA$c20161230$lBLL01$h1804
=CAT  \\$aBATCH-CLA$b00$c20171222$lBLL01$h1950
=CAT  \\$aIPL-CLA$c20171231$lBLL01$h1341
=CAT  \\$aBATCH-CLA$b00$c20191219$lBLL01$h1620
=CAT  \\$aIPL-CLA$c20191231$lBLL01$h1715
=CAT  \\$aR2001-1524$c20200127$lBLL01$h1922
=CAT  \\$aBATCH-CLA$b00$c20201204$lBLL01$h1415
=CAT  \\$aIPL-CLA$c20201231$lBLL01$h1909
=CAT  \\$aBATCH-CLA$b00$c20221221$lBLL01$h1718
=CAT  \\$aIPL-CLA$c20221231$lBLL01$h1826
=CFI  0\$aCurrent Copyright Fee: GBP25.00$c0$e01-jan-2023$fGBP25.00$g0$hA$5Uk
=CFI  2\$aPrevious Copyright Fee: GBP22.50$c0$e01-jan-2021$fGBP22.50$g0$hA$5Uk
=FIN  \\$aY$d20130122
=LKR  \\$aPAR$b009213917$lBLL01$nSouth Western Electricity Board. Report and accounts$mSouth Western Electricity Board. Annual report and accounts$r78000
=SRC  \\$aDSS04$bbibld.200404.2.aa
=TCO  \\$aZZZ$c008
=ACF  \\$aPrevious copyright fee: GBP12.00$c0$e22-jan-2012$fGBP12.00$g0$hA$5Uk
=ACF  \\$aPrevious Copyright Fee: GBP12.30$c0$e01-jan-2014$fGBP12.30$g0$hA$5Uk
=ACF  \\$aPrevious Copyright Fee: GBP15.00$c0$e01-jan-2017$fGBP15.00$g0$hA$5Uk
=ACF  \\$aPrevious Copyright Fee: GBP17.50$c0$e01-jan-2018$fGBP17.50$g0$hA$5Uk
=ACF  \\$aPrevious Copyright Fee: GBP20.00$c0$e01-jan-2020$fGBP20.00$g0$hA$5Uk
=LAS  \\$aIPL-CLA$b00$c20221231$lBLL01$h1826

