=LDR  02207 am a2200637ua 4500
=001  007244891
=003  Uk
=005  20161201110300.0
=008  960507s1996\\\\enkabe\||\\\\\100\||eng\\
=FMT  \\$a  BK
=015  \\$aGB9638782$2bnb
=019  y\$ab9638782
=019  9\$ab9638782
=019  1\$ab9638782
=020  \\$z0900188082 :$c(pbk)
=020  \\$cNo price
=039  0\$a2390
=040  \\$aUk$cUk
=082  04$a936$220
=245  00$aNeolithic houses in Northwest Europe and beyond /$cedited by Timothy Darvill and Julian Thomas.
=260  \\$aOxford :$bOxbow Books,$cc1996.
=300  \\$a213p. :$bill., maps, plans ;$c25cm.
=336  \\$atext$2rdacontent
=337  \\$aunmediated$2rdamedia
=338  \\$avolume$2rdacarrier
=490  1\$aOxbow monograph ;$v57
=490  1\$aNeolithic Studies Group seminar papers ;$v1
=500  \\$aProceedings of a meeting of the Neolithic Studies Group.
=504  \\$aBibliography: p195-213.
=650  \0$aExcavations (Archaeology)$zEurope, Northern$xCongresses.
=650  \0$aNeolithic period$zEurope, Northern$xCongresses.
=650  \0$aDwellings, Prehistoric$zEurope, Northern$xCongresses.
=651  \0$aEurope, Northern$xAntiquities$xCongresses.
=653  1\$aAntiquities
=653  1\$aWestern Europe
=700  1\$aDarvill, Timothy.
=700  1\$aThomas, Julian,$d1959-
=710  2\$aNeolithic Studies Group.
=886  2\$2ukmarc$a900$b10$aDarvill$hTim$xSee$aDarvill, T. C. (Timothy C)$z700
=830  \0$aOxbow monograph ;$v57.
=830  \0$aNeolithic Studies Group seminar papers ;$v1.
=852  41$aBritish Library$bHMNTS$jYC.1996.b.4226
=852  41$aBritish Library$bHMNTS$iPt. 2
=852  41$aBritish Library$bHMNTS$iPt. 1
=CAT  \\$aCONV$b00$c20040425$lBLL90$h0726
=CAT  \\$aCONV$b00$c20040502$lBLL01$h1213
=CAT  \\$aBATCH$b00$c20091118$lBLL01$h2256
=CAT  \\$aBATCH$b00$c20091216$lBLL01$h2251
=CAT  \\$aBATCH-UPD$b00$c20150618$lBLL01$h2035
=CAT  \\$a5194$b40$c20161201$lBLL01$h1103
=FIN  \\$aY
=LEO  \\$aMP5.0000834941
=LEO  \\$aMP13.0000337213
=SRC  \\$aBNB03$bbibmp5.200404.2.ab
=SRC  \\$aHSS01$bbibmp13.200404.2.aa
=LAS  \\$a5194$b40$c20161201$lBLL01$h1103

