=LDR  01836 am a2200553ua 4500
=001  007402122
=003  Uk
=005  20080630112749.0
=008  980615s1998\\\\enkh\\\||c\\\\001\||eng\\
=FMT  \\$a  BK
=015  \\$aGB98Z9396$2bnb
=019  y\$ab98Z9396
=019  9\$a0712345744
=019  2\$a0712345744
=020  \\$a0712345744 :$c£50.00
=039  0\$a2495
=040  \\$aStDuBDS$dUk
=082  04$a015.33$221
=110  2\$aBritish Library.
=245  12$aA catalogue of the Samaritan manuscripts in the British Library /$cby Alan David Crown.
=260  \\$aLondon :$bBritish Library,$c1998.
=300  \\$axliii, 279p., [18]p. of plates :$bfacsims. (some col.) ;$c26 cm.
=336  \\$atext$2rdacontent
=337  \\$aunmediated$2rdamedia
=338  \\$avolume$2rdacarrier
=504  \\$aBibliography: p. 247-261.
=610  24$aBritish Library$xCatalogs.
=650  \0$aManuscripts, Samaritan$zEngland$zLondon$xCatalogs.
=700  1\$aCrown, Alan David.
=886  2\$2blmarc$a967$b00$gx
=852  41$aBritish Library$bHMNTS$j2702.f.365
=852  11$aBritish Library$bOC$cSPHOA$kORC HEB MSS 14$3[Another copy.]
=852  41$aBritish Library$bOC$jORW.1998.a.412$3[Another copy.]
=957  \\$r21/08/1998
=957  \\$a980901d
=958  \\$aORW.1998.a.411
=AQN  \\$aE56 One copy to OIOC R/R; one copy for staff ref. Mrs Tahan
=CAT  \\$aCONV$b00$c20040425$lBLL90$h0811
=CAT  \\$aCONV$b00$c20040502$lBLL01$h1218
=CAT  \\$a1722$b40$c20041112$lBLL01$h1528
=CAT  \\$a1722$b40$c20080630$lBLL01$h1127
=CAT  \\$aBATCH$b00$c20091119$lBLL01$h0015
=FIN  \\$aY
=LEO  \\$aMP5.0001656459
=LEO  \\$aMP13.0001831837
=SRC  \\$aBNB03$bbibmp5.200404.2.ac
=SRC  \\$aHSS01$bbibmp13.200404.2.ad
=SRC  \\$aMOP02$bbibm2.200404.2.aa
=LAS  \\$aBATCH$b00$c20091119$lBLL01$h0015

