=LDR  02144 am a2200589ua 4500
=001  007402207
=003  Uk
=005  20070307134456.0
=008  011129s2001\\\\enkac\\||c\\\\001\||eng\\
=FMT  \\$a  BK
=015  \\$aGBA166088$2bnb
=019  y\$abA166088
=019  9\$a0712347461
=019  g\$aadv5003772882
=019  a\$aG07411215
=019  1\$a0712347461
=020  \\$a0712347461 (pbk.) :$cNo price
=039  0\$a2670
=040  \\$aUk$cUk
=082  04$a770.95409034$221
=111  2\$aIndia: pioneering photographers, 1850-1900 (Exhibition)$d(2001 :$cBrunei Gallery, London)
=245  10$aIndia: pioneering photographers :$b1850-1900 /$cJohn Falconer [curator].
=260  \\$aLondon :$bThe British Library and The Howard and Jane Ricketts Collection,$c2001.
=300  \\$a143 p. :$bill., ports. ;$c25 cm.
=336  \\$atext$2rdacontent
=337  \\$aunmediated$2rdamedia
=338  \\$avolume$2rdacarrier
=504  \\$aIncludes biographical references and index.
=650  \0$aPhotography$zIndia$xHistory$y19th century$vExhibitions.
=700  1\$aFalconer, John,$d1951-
=710  2\$aBrunei Gallery.
=710  2\$aBritish Library.
=710  2\$aHoward and Jane Ricketts Collection.
=886  2\$2ukmarc$a910$b20$aUniversity of London$cSchool of Oriental and African Studies$cBrunei Gallery$xSee$aBrunei Gallery$z710
=886  2\$2ukmarc$a910$b20$aBritish Museum$cLibrary$xSee also$aBritish Library$z710/1
=852  41$aBritish Library$bOC$xStaff Reference.
=852  41$aBritish Library$bDSC$jm02/29327
=852  41$aBritish Library$bHMNTS$jLB.31.b.21955
=966  \\$lACQUIS 28/06/2002
=CAT  \\$aCONV$b00$c20040425$lBLL90$h0811
=CAT  \\$aCONV$b00$c20040502$lBLL01$h1218
=CAT  \\$aglobal_upd$b40$c20060417$lBLL01$h0402
=CAT  \\$a12179$b40$c20070307$lBLL01$h1344
=CAT  \\$aBATCH$b00$c20091119$lBLL01$h0015
=FIN  \\$aY
=LEO  \\$aMP5.0001656559
=LEO  \\$aMP8.0001758395
=LEO  \\$aMP13.0001831946
=SRC  \\$aBNB03$bbibmp5.200404.2.ac
=SRC  \\$aDSC01$bbibmp8.200404.2.ac
=SRC  \\$aHSS01$bbibmp13.200404.2.ad
=LAS  \\$aBATCH$b00$c20091119$lBLL01$h0015

