=LDR  02532cam a2200721ua 4500
=001  007414163
=003  Uk
=005  20230331160956.0
=008  030804s2000\\\\enka\\\||b\\\\000\||eng\\
=FMT  \\$a  BK
=015  \\$aGBA073799$2bnb
=019  y\$abA073799
=019  9\$a0815306482
=019  g\$aadv5003205813
=019  a\$aG05809054
=019  1\$a0815306482
=020  \\$a0815306482 :$cNo price
=035  \\$a(StEdNL)E3005292
=039  0\$a2753
=040  \\$aStEdNL$dUk
=082  04$a809.93351$221
=245  04$aThe Grail :$ba casebook /$cedited with an introduction by Dhira B. Mahoney.
=260  \\$aNew York ;$aLondon :$bGarland,$c2000.
=300  \\$axi, 590 p. :$bill. ;$c23 cm.
=336  \\$atext$2rdacontent
=337  \\$aunmediated$2rdamedia
=338  \\$avolume$2rdacarrier
=490  1\$aArthurian characters and themes ;$vv. 5
=490  0\$aGarland reference library of the humanities ;$vv. 1510
=504  \\$aIncludes bibliographical references.
=598  \\$aPROV.RECORD
=540  \\$aCurrent Copyright Fee: GBP34.00$c0$5Uk
=650  \0$aGrail$xRomances$xHistory and criticism.
=650  \0$aArthurian romances$xHistory and criticism.
=650  \0$aLiterature, Medieval$xHistory and criticism.
=650  \0$aArthurian romances$xAdaptations$xHistory and criticism.
=650  \0$aKnights and knighthood in literature.
=650  \0$aQuests (Expeditions) in literature.
=700  1\$aMahoney, Dhira B.
=830  \0$aArthurian characters and themes ;$vv. 5.
=852  41$aBritish Library$bDSC$i4072.28
=852  41$aBritish Library$bHMNTS$jYC.2003.a.11997
=945  \\$aGarland reference library of the humanities ; v5
=966  \\$lACQUIS 31/12/2001
=CAT  \\$aCONV$b00$c20040425$lBLL90$h0816
=CAT  \\$aCONV$b00$c20040502$lBLL01$h1219
=CAT  \\$aglobal_upd$b40$c20060417$lBLL01$h0404
=CAT  \\$aBATCH$b00$c20091119$lBLL01$h0022
=CAT  \\$aBATCH$b00$c20091216$lBLL01$h2308
=CAT  \\$aBATCH-CLAB$c20230324$lBLL01$h1337
=CAT  \\$aBATCH-UPD$b00$c20230324$lBLL01$h1733
=CAT  \\$aIPL-CLA$c20230331$lBLL01$h1609
=CFI  0\$aCurrent Copyright Fee: GBP34.00$c0$e01-apr-2023$fGBP34.00$g0$hC$5Uk
=FIN  \\$aY
=LEO  \\$aMP5.0000288880
=LEO  \\$aMP5.0001737994
=LEO  \\$aMP8.0001549031
=LEO  \\$aMP13.0002009402
=SRC  \\$aBNB03$bbibmp5.200404.2.aa
=SRC  \\$aBNB03$bbibmp5.200404.2.ac
=SRC  \\$aDSC01$bbibmp8.200404.2.ac
=SRC  \\$aHSS01$bbibmp13.200404.2.ad
=LAS  \\$aIPL-CLA$b00$c20230331$lBLL01$h1609

