=LDR  01192 am a22003853u 4500
=001  007672615
=003  Uk
=005  20070214124324.0
=008  741222s1964\\\\xxk\\\\||\\\\\000\||eng\\
=FMT  \\$a  BK
=015  \\$aGB6416186$2bnb
=019  y\$aB6416186
=019  9\$ab6416186
=040  \\$aUk$cUk
=082  04$a344.41092$218
=110  1\$aGreat Britain.
=245  10$aPublic Libraries and Museums Act 1964 :$bEliz 2, 1964: Ch 75.
=264  \1$bH.M.S.O.,$c1964.
=300  \\$a22 pages ;$c25 cm
=336  \\$atext$2rdacontent
=337  \\$aunmediated$2rdamedia
=338  \\$avolume$2rdacarrier
=852  11$aBritish Library$bDSC$cQ$h027.442
=852  41$aBritish Library$bDSC$jOP-PGA/75 1964
=985  \\$aCorrected by MS generated file for WR# 1805-0738
=CAT  \\$aCONV$b00$c20040425$lBLL90$h0520
=CAT  \\$aCONV$b00$c20040502$lBLL01$h1228
=CAT  \\$aglobal_upd$b40$c20060417$lBLL01$h0443
=CAT  \\$a7416$b40$c20070214$lBLL01$h1243
=CAT  \\$a1805-0738$c20181221$lBLL01$h1801
=CAT  \\$a1805-0738$b00$c20181221$lBLL01$h1846
=FIN  \\$aY
=LEO  \\$aMP2.0000219210
=SRC  \\$aBNB01$bbibmp2.200404.2.aa
=LAS  \\$a1805-0738$b00$c20181221$lBLL01$h1846

