=LDR  01558cam a22004693u 4500
=001  007682770
=003  Uk
=005  20230406093433.0
=008  710924r19721971enkach\||\\\\\000\||eng\\
=FMT  \\$a  BK
=015  \\$aGB7122479$2bnb
=019  y\$aB7122479
=019  9\$a0140802126
=020  \\$a0140802126 (sd) :$c£0.30
=040  \\$aUk$cUk$dUk
=050  00$aH83
=082  04$a300$218
=100  1\$aGiillott, Jacky,$eauthor.
=245  00$aFor better, for worse :$bmarriage and the family /$cJacky Gillott.
=260  \\$aHarmondsworth :$bPenguin,$c1972.
=300  \\$a[1], 64 p. :$bill., facsims., ports. ;$c23 cm.
=336  \\$atext$2rdacontent
=337  \\$aunmediated$2rdamedia
=338  \\$avolume$2rdacarrier
=490  0\$aConnexions : a series of topic books for students in schools and colleges of further education
=650  \0$aSocial sciences.
=653  \\$aSociety
=700  1\$aGillott, Jacky,$d1939-1980.
=852  41$aBritish Library$bHMNTS$xDon ref
=852  41$aBritish Library$bHMNTS$jYD.2005.a.4372
=CAT  \\$aCONV$b00$c20040425$lBLL90$h0525
=CAT  \\$aCONV$b00$c20040502$lBLL01$h1228
=CAT  \\$aglobal_upd$b40$c20060417$lBLL01$h0447
=CAT  \\$aBATCH-UPD$b40$c20100212$lBLL01$h1819
=CAT  \\$aBATCH-UPD$b40$c20110225$lBLL01$h2031
=CAT  \\$a8250$b40$c20230406$lBLL01$h0900
=CAT  \\$a8250$b40$c20230406$lBLL01$h0911
=CAT  \\$a8250$b40$c20230406$lBLL01$h0934
=FIN  \\$aY
=LEO  \\$aMP3.0000034652
=SRC  \\$aBNB02$bbibmp3.200404.2.aa
=LAS  \\$a8250$b40$c20230406$lBLL01$h0934

