=LDR  02546pam a2200685 a 4500
=001  007711280
=003  Uk
=005  20110922112814.0
=008  021016m19989999xxua\\\\\\\\\\000\1\eng\\
=FMT  \\$a  BK
=015  \\$aGBA3Z1991$2bnb
=016  7\$a007711280$2Uk
=019  y\$abA3Z1991
=019  9\$a074345829x
=020  \\$a074345829X (v. 1 : pbk.) :$c£6.99
=020  \\$a0743458532 (v. 2 : pbk.) :$c£6.99
=020  \\$a0743474473 (v. 3 : pbk.) :$c£6.99
=039  0\$a2727
=040  \\$aStDuBDS$dUk
=042  \\$aukblsr
=082  04$a813.54$222
=100  1\$aFarmer, Philip José.
=245  10$aPhilip José Farmer's, The dungeon.
=260  \\$aNew York :$bibooks ;$aLondon :$bSimon & Schuster,$c1998-
=300  \\$av. :$bill. ;$c18 cm.
=336  \\$atext$2rdacontent
=337  \\$aunmediated$2rdamedia
=338  \\$avolume$2rdacarrier
=500  \\$aFormerly CIP.$5Uk
=505  1\$av. 1., pt. 1. The black tower / Richard A. Lupoff : pt. 2. The dark abyss / Bruce Coville -- v. 2., pt. 1. The valley of thunder / Charles De Lint : pt. 2. The lake of fire / Robin Wayne Bailey -- v. 3., pt. 1. The hidden city / Charles De Lint : pt. 2. The final battle / Richard A. Lupoff.
=655  \7$aFantasy fiction.$2lcsh
=700  12$aLupoff, Richard A.,$d1935-2020.$tBlack tower.
=700  12$aCoville, Bruce.$tDark abyss.
=700  12$aDe Lint, Charles,$d1951-$tValley of thunder.
=700  12$aBailey, Robin.$tLake of fire.
=700  12$aDe Lint, Charles,$d1951-$tHidden city.
=700  12$aLupoff, Richard A.,$d1935-2020.$tFinal battle..
=852  41$aBritish Library$bHMNTS$jH.2005/4763$iv. 1
=852  41$aBritish Library$bHMNTS$iv. 3
=957  \\$r17/1/04$tM/37188-31
=985  \\$aCorrected by BSS-generated file
=CAT  \\$aCONV$b00$c20040425$lBLL90$h0536
=CAT  \\$aCONV$b00$c20040502$lBLL01$h1229
=CAT  \\$a10932$b40$c20050905$lBLL01$h1235
=CAT  \\$aBLSS-CORR$b00$c20080705$lBLL01$h2143
=CAT  \\$aBATCH-UPD$b00$c20080824$lBLL01$h0139
=CAT  \\$aBATCH$b00$c20091208$lBLL01$h0213
=CAT  \\$aBATCH-UPD$b00$c20110909$lBLL01$h1742
=CAT  \\$aRDATEST$b40$c20110922$lBLL01$h1128
=CAT  \\$aWR16_021$c20160609$lBLL01$h1946
=CAT  \\$aBATCH-UPD$b00$c20201027$lBLL01$h2018
=FIN  \\$aY$d20050905
=LDO  \\$aCIP$bpbk
=LDO  \\$aCIP
=LEO  \\$aMP5.0000215231
=LEO  \\$aMP5.0000215555
=LEO  \\$aMP5.0000215244
=SRC  \\$aBNB03$bbibmp5.200404.2.aa
=SRC  \\$aLDS01$bbiblm.200404.2.aa
=LAS  \\$aBATCH-UPD$b00$c20201027$lBLL01$h2018

