=LDR  02211pam a2200649 a 4500
=001  007729730
=003  Uk
=005  20150610114021.0
=008  000407m20002001enkabc\\\b\\\\001\0\eng\\
=FMT  \\$a  BK
=015  \\$aGBA0Y2206$2bnb
=019  y\$abA0Y2206
=019  9\$a1855329956
=020  \\$a1855329956 (v. 1 : pbk.) :$c£8.99
=020  \\$a1841760854 (v. 2 : pbk.) :$c£8.99
=020  \\$a1841760862 (v. 3 : pbk.) :$c£8.99
=039  0\$a2588
=040  \\$aStDuBDS$dUk
=082  04$a940.541273$222
=100  1\$aHenry, Mark R.$c(Military historian)
=245  14$aThe US Army in World War II /$cMark Henry ; illustrated by Mike Chappell.
=260  \\$aOxford :$bOsprey,$c2000-2001.
=300  \\$a3 v. :$bill. (some col.), maps, ports. ;$c25 cm.
=336  \\$atext$2rdacontent
=337  \\$aunmediated$2rdamedia
=338  \\$avolume$2rdacarrier
=490  1\$aMen-at-arms series ;$v342, 347, 350
=500  \\$aAlso published as a single volume.
=505  0\$a1. Pacific -- 2. The Mediterranean -- 3. Northwest Europe.
=504  \\$aIncludes bibliographical references and indexes.
=500  \\$aFormerly CIP.$5Uk
=610  10$aUnited States.$bArmy$xHistory.
=650  \0$aWorld War, 1939-1945$zUnited States.
=830  \0$aMen-at-arms series ;$v342, 347, 350.
=852  41$aBritish Library$bDSC$ivol. 3
=852  41$aBritish Library$bHMNTS$jYK.2001.a.9579$ivol. 2
=852  41$aBritish Library$bHMNTS$jYC.2001.a.18148$ivol. 3
=CAT  \\$aCONV$b00$c20040425$lBLL90$h0541
=CAT  \\$aCONV$b00$c20040502$lBLL01$h1230
=CAT  \\$a11317$b40$c20050203$lBLL01$h0830
=CAT  \\$a10746$b40$c20051025$lBLL01$h1357
=CAT  \\$a8962$b40$c20150610$lBLL01$h1140
=FIN  \\$aY$d20050203
=LEO  \\$aMP5.0001809901
=LEO  \\$aMP13.0002313588
=LEO  \\$aMP5.0001809900
=LEO  \\$aMP13.0002313587
=LEO  \\$aMP5.0000407558
=LEO  \\$aMP5.0001828020
=LEO  \\$aMP5.0000382207
=LEO  \\$aMP5.0001810096
=LEO  \\$aMP13.0002313784
=SRC  \\$aBNB03$bbibmp5.200404.2.ad
=SRC  \\$aHSS01$bbibmp13.200404.2.ad
=SRC  \\$aBNB03$bbibmp5.200404.2.aa
=SRC  \\$aLDS01$bbiblm.200404.2.aa
=LAS  \\$a8962$b40$c20150610$lBLL01$h1140

