=LDR  01287 am a22003853u 4500
=001  007772851
=003  Uk
=005  20201017084936.0
=008  040420|1979\\\\|||\\\\||\\\\\000\||eng\\
=FMT  \\$a  BK
=019  a\$aG00611584
=020  \\$a0939644088 (pbk)
=020  \\$a0933400446 (previous ISBN)
=040  \\$aUk$cUk
=100  10$aRosenow, John E.
=245  00$aTourism :$bthe good, the bad, and the ugly.
=260  \\$aLincoln, Neb :$bMedia Productions,$c1979.
=336  \\$atext$2rdacontent
=337  \\$aunmediated$2rdamedia
=338  \\$avolume$2rdacarrier
=883  0\$aLanguage codes assigned by Bayesian analysis of words present in record$d20200826$qUk$c0.9919
=852  41$aBritish Library$bDSC$m81/32312
=852  41$aBritish Library$bDSC$j86/24200
=966  \\$lACQUIS
=985  \\$aUpgraded by BSS-generated file for WR2009-0365
=CAT  \\$aCONV$b00$c20040425$lBLL90$h0634
=CAT  \\$aCONV$b00$c20040502$lBLL01$h1231
=CAT  \\$aglobal_upd$b40$c20060417$lBLL01$h0459
=CAT  \\$aBATCH$b00$c20091208$lBLL01$h0224
=CAT  \\$aW2009-0365$b00$c20201017$lBLL01$h0849
=CAT  \\$aBATCH-UPD$b00$c20201017$lBLL01$h1402
=FIN  \\$aY
=LEO  \\$aMP8.0000246291
=SRC  \\$aDSC01$bbibmp8.200404.2.aa
=LAS  \\$aBATCH-UPD$b00$c20201017$lBLL01$h1402

