=LDR  03894 as a22009497a 4500
=001  007845966
=003  Uk
=005  20071018073831.0
=007  ta
=008  010510d20002002lu\ar\p\\s\\\i0\\\a0eng\d
=FMT  \\$a  SE
=010  \\$a2002252584
=019  c\$a2602506
=022  0\$a1680-1687
=035  \\$a(OCoLC)46915813
=040  \\$aIL#$cIL#$dCUS$dWAU$dEEM$dDLC$dIUL$dDLC$dMUQ$dHVL$dNLGGC$dNYDWH$dHUL$dUk
=043  \\$ae------
=050  00$aHC240.A1$bE249
=082  04$a330.940021$222
=210  0\$aEcon. portrait Eur. Union
=222  \0$aEconomic portrait of the European Union
=245  00$aEconomic portrait of the European Union.
=260  \\$aLuxembourg :$bOffice for Official Publications of the European Communities,$c2000-2002.
=300  \\$a3 v. :$bill. (some col.) ;$c30 cm.
=310  \\$aAnnual
=336  \\$atext$2rdacontent
=337  \\$aunmediated$2rdamedia
=338  \\$avolume$2rdacarrier
=362  0\$a2000 ed.-2002 ed.
=490  0\$aTheme 2--Economy and finance
=490  0\$aPanorama of the European Union
=515  \\$a2000 ed. called also 1999 in title; 2001 ed.-2002 ed. called also 2001-2002 in title and cover data up to previous year.
=550  \\$aIssued by Eurostat.
=580  \\$aAlso issued in French and German ed.
=500  \\$aLatest issue consulted: 2002 ed.
=540  \\$aBritish Library not licensed to copy$c0$5Uk
=651  \0$aEuropean Union countries$xEconomic conditions$vPeriodicals.
=651  \0$aEuropean Union countries$xEconomic policy$vPeriodicals.
=690  7\$aManagement and Business Studies$2blcoll
=710  2\$aStatistical Office of the European Communities.
=775  1\$tPortrait économique de l'Union européenne
=775  1\$tPorträt der Wirtschaft der Europäischen Union
=852  71$aBritish Library$bSTI$2blsrissc$32002
=852  41$aBritish Library$bDSC$j3654.096500$3Vol. 1999/2000 (2000)-v. 2002 (2002)***UKRR Retained Title
=945  \\$aECONOMIC PORTRAIT OF THE EUROPEAN UNION
=959  \\$fHeld but not currently received
=A02  \\$a2602506
=CAT  \\$aCONV$b00$c20040425$lBLL90$h0702
=CAT  \\$aCONV$b00$c20040502$lBLL01$h1233
=CAT  \\$c20041008$lBLL01$h2344
=CAT  \\$a8323$b40$c20071018$lBLL01$h0738
=CAT  \\$aBATCH-UPD$b40$c20080223$lBLL01$h2313
=CAT  \\$aBATCH-UPD$b40$c20080226$lBLL01$h0240
=CAT  \\$aBATCH-UPD$b40$c20080330$lBLL01$h0058
=CAT  \\$aBATCH-UPD$b40$c20080330$lBLL01$h1101
=CAT  \\$aBATCH$b00$c20080330$lBLL01$h1841
=CAT  \\$aBATCH$b00$c20090520$lBLL01$h0140
=CAT  \\$aBATCH$b00$c20091208$lBLL01$h0256
=CAT  \\$aBATCH-UPD$b00$c20100225$lBLL01$h2302
=CAT  \\$aBATCH-UPD$b00$c20100331$lBLL01$h2050
=CAT  \\$aBATCH-UPD$b00$c20100401$lBLL01$h0031
=CAT  \\$aBATCH$b00$c20100401$lBLL01$h0340
=CAT  \\$aBATCH$b00$c20100401$lBLL01$h1342
=CAT  \\$aBATCH-UPD$b00$c20101124$lBLL01$h1731
=CAT  \\$aBATCH-UPD$b00$c20101125$lBLL01$h0955
=CAT  \\$aIPL-CLA$c20101231$lBLL01$h1202
=CAT  \\$aBATCH-UPD$b00$c20110907$lBLL01$h1754
=CAT  \\$aIPL-CLA$c20110908$lBLL01$h1707
=CAT  \\$aBATCH-CLA$b00$c20121103$lBLL01$h1023
=CAT  \\$aWR13.005$c20130329$lBLL01$h1211
=CFI  0\$aBritish Library not licensed to copy$c0$e07-sep-2011$hC$iTX$5Uk
=CFI  2\$aPrevious copyright fee: GBP10.50$c0$e01-jan-2011$fGBP10.50$g0$hA$5Uk
=FIN  \\$aY
=LEO  \\$aMP10.0000200854
=SID  \\$aZ39$bOCLC
=SRC  \\$aDSS01$bbibmp10.200404.2.aa
=TCO  \\$aXXX$c008
=ACF  \\$aPrevious copyright fee: GBP9.00$c0$e01-apr-2010$fGBP9.00$g0$hA$5Uk
=ACF  \\$aPrevious copyright fee: GBP6.00$c0$e01-apr-2008$fGBP6.00$g0$hA$5Uk
=ACF  \\$aPrevious copyright fee: GBP5.00$c0$e01-jul-2002$fGBP5.00$g0$hA$5Uk
=ACF  \\$aCurrent copyright fee: GBP4.40$c0$e28-feb-2001$fGBP4.40$g0$hA$5Uk
=LAS  \\$aWR13.005$b00$c20130329$lBLL01$h1211

