=LDR  03392 as a22008413  4500
=001  007859360
=003  Uk
=005  20180717120608.0
=008  011129c20019999lu\ar\p\\s\\\i0\\\a0eng\c
=FMT  \\$a  SE
=010  \\$a2001238655
=019  c\$a2607697
=022  \\$y1605-2935
=035  \\$a(OCoLC)ocm48503918
=040  \\$aInU$beng$cInU$dTNJ$dCU-S$dWaU$dDLC$dOCoLC$dNLGGC$dCaQQL$dCU-S$dCLU$dUk
=042  \\$aukblsr
=043  \\$ae------
=050  00$aHA1107.5$b.A145
=082  04$a332.673094021$222
=245  00$aEuropean Union foreign direct investment yearbook.
=246  13$aEuropean Union direct investment yearbook
=260  \\$aLuxembourg :$bOffice for Official Publications of the European Communities,$c2001-
=300  \\$av. :$bcol. ill. ;$c30 cm.
=310  \\$aAnnual
=336  \\$atext$2rdacontent
=337  \\$aunmediated$2rdamedia
=338  \\$avolume$2rdacarrier
=362  0\$a2000-
=490  0\$aTheme 2--Economy and finance
=490  0\$aPanorama of the European Union
=540  \\$aCurrent Copyright Fee: zero$c0$5Uk
=500  \\$aAccompanied by CD-ROM containing detailed tables, 2001-
=500  \\$aLatest issue consulted: 2001.
=515  \\$aIssues for 2000- also called 2001 ed.-
=515  \\$aIssues cumulate data from 1992.
=530  \\$aAlso issued on CD-ROM and online.
=550  \\$aPrepared by: Eurostat.
=650  \0$aInvestments, European$vStatistics$vPeriodicals.
=650  \0$aInvestments, Foreign$zEuropean Union countries$vStatistics$vPeriodicals.
=651  \0$aEuropean Union countries$vStatistics$vPeriodicals.
=651  \0$aEurope$xEconomic conditions$y1945-$vStatistics$vPeriodicals.
=690  7\$aManagement and Business Studies$2blcoll
=710  2\$aOffice for Official Publications of the European Communities.
=710  2\$aStatistical Office of the European Communities.
=776  1\$tEuropean Union foreign direct investment yearbook (CD-ROM)
=780  00$tEuropean Union direct investment yearbook- Eurostat$x1605-2935
=852  41$aBritish Library$bHMNTS$jEU332.673094021$32006-2008
=852  71$aBritish Library$bSTI$2blsrissc$32001
=852  41$aBritish Library$bDSC$cV$j3830.351387$3(2000-2001); (2006)-
=945  \\$aEuropean Union direct investment yearbook
=959  \\$fHeld but not currently received
=A02  \\$a2607697
=CAT  \\$aCONV$b00$c20040425$lBLL90$h0702
=CAT  \\$aCONV$b00$c20040502$lBLL01$h1234
=CAT  \\$c20041008$lBLL01$h2354
=CAT  \\$a8180$b40$c20070329$lBLL01$h0853
=CAT  \\$a5552$b40$c20070403$lBLL01$h1607
=CAT  \\$a5552$b40$c20070501$lBLL01$h1639
=CAT  \\$a5552$b40$c20070703$lBLL01$h1620
=CAT  \\$a8323$b40$c20071018$lBLL01$h1121
=CAT  \\$a8323$b40$c20071018$lBLL01$h1131
=CAT  \\$aBATCH$b00$c20090520$lBLL01$h0140
=CAT  \\$aBATCH$b00$c20091208$lBLL01$h0301
=CAT  \\$a6558$b40$c20180717$lBLL01$h1206
=CFI  0\$aCurrent copyright fee: zero$c0$e29-mar-2007$fGBP0.00$g0$hZ$5Uk
=CFI  2\$aCurrent copyright fee: GBP4.40$c0$e30-jul-2001$fGBP4.40$g0$hA$5Uk
=FIN  \\$aY
=LEO  \\$aMP10.0000220212
=LKR  \\$aPAR$b007859357$lBLL01$r78000$mEuropean Union foreign direct investment yearbook.$nEUROSTAT. European Union direct investment. Yearbook
=SID  \\$aZ39$bLOC
=SRC  \\$aDSS01$bbibmp10.200404.2.aa
=TCO  \\$aXXX$c008
=LAS  \\$a6558$b40$c20180717$lBLL01$h1206

