=LDR  04442cas a2201021 i 4500
=001  007870365
=003  Uk
=005  20221231183828.0
=007  ta
=008  020422d19982003enkqr\p\\\\\\\0\\\a0eng\\
=FMT  \\$a  SE
=019  c\$a2572928
=019  0\$as693545003
=022  0\$a1476-4792$202
=040  \\$aUk$cUk$dUk
=082  04$a338.7402541$222
=222  \0$aPricewaterhouseCoopers corporate register
=245  00$aPriceWaterhouseCoopers corporate register.
=246  30$aCorporate register
=260  \\$aLondon (26-31 Whiskin St., London, EC1R 0JD) :$bHemmington Scott Publishing,$c1998-2003.
=300  \\$a21 v. ;$c25 cm.
=310  \\$aQuarterly
=336  \\$atext$2rdacontent
=337  \\$aunmediated$2rdamedia
=338  \\$avolume$2rdacarrier
=362  0\$aIssue 27 (Sept. 1998)-issue 47 (Sept. 2003)
=595  \\$aFormerly 6612.874 up to ED. 26, 1998 Contd as 3472.0928 ISS. 48, 2003- See also 6612.874 for SRIS holdings See also card index.
=540  \\$aCurrent Copyright Fee: GBP25.00$c0$5Uk
=650  \0$aDirectors of corporations$zGreat Britain$vDirectories.
=650  \0$aBusiness enterprises$zGreat Britain$vDirectories.
=690  7\$aManagement and Business Studies$2blcoll
=710  2\$aPricewaterhouseCoopers LLP.
=780  00$tPrice Waterhouse corporate register$x1352-8157
=785  00$tCorporate register (London, England : 2003)$x1743-176X
=852  41$aBritish Library$bDSC$j6612.873500$3Issue 27 (1998)-Issue 47 (2003)
=852  71$aBritish Library$bSTI$cRES$k(XP) AA 652$m-E(213)$2blsrissc$31998-2003; Issue 27-issue 47
=945  \\$aPrice Waterhouse Coopers corporate register.
=957  \\$a981012c
=959  \\$fHeld but not currently received
=A02  \\$a2572928
=CAT  \\$aBATCH-UPD$b00$c20080930$lBLL01$h2321
=CAT  \\$aBATCH$b00$c20081001$lBLL01$h0040
=CAT  \\$aBATCH$b00$c20090520$lBLL01$h0140
=CAT  \\$aWR09-126
=CAT  \\$aBATCH-UPD$b00$c20090904$lBLL01$h1710
=CAT  \\$aBATCH$b00$c20091208$lBLL01$h0305
=CAT  \\$aBATCH-UPD$b00$c20101201$lBLL01$h1213
=CAT  \\$aIPL-CLA$c20101231$lBLL01$h1211
=CAT  \\$aWR11_203$c20111204$lBLL01$h1304
=CAT  \\$aIPL-CLA$c20111230$lBLL01$h1715
=CAT  \\$aBATCH-CLA$b00$c20121103$lBLL01$h1019
=CAT  \\$aWR13.005$c20130329$lBLL01$h1234
=CAT  \\$aBATCH-CLA$c20131217$lBLL01$h0124
=CAT  \\$aIPL-CLA$c20131231$lBLL01$h1904
=CAT  \\$aBATCH-CLA$b00$c20161222$lBLL01$h1701
=CAT  \\$aIPL-CLA$c20161230$lBLL01$h1820
=CAT  \\$aBATCH-CLA$b00$c20171222$lBLL01$h1956
=CAT  \\$aIPL-CLA$c20171231$lBLL01$h1355
=CAT  \\$aBATCH-CLA$b00$c20191219$lBLL01$h1626
=CAT  \\$aIPL-CLA$c20191231$lBLL01$h1726
=CAT  \\$aR2001-1524$c20200127$lBLL01$h1926
=CAT  \\$aBATCH-CLA$b00$c20201204$lBLL01$h1421
=CAT  \\$aIPL-CLA$c20201231$lBLL01$h1923
=CAT  \\$a8871$b40$c20210310$lBLL01$h1638
=CAT  \\$aBATCH-CLA$b00$c20221221$lBLL01$h1725
=CAT  \\$aIPL-CLA$c20221231$lBLL01$h1838
=CFI  0\$aCurrent Copyright Fee: GBP25.00$c0$e01-jan-2023$fGBP25.00$g0$hA$5Uk
=CFI  2\$aPrevious Copyright Fee: GBP22.50$c0$e01-jan-2021$fGBP22.50$g0$hA$5Uk
=FIN  \\$aY
=LEO  \\$aMP22.0000068583
=LEO  \\$aMP25.0000370246
=LEO  \\$aMP10.0000449759
=LKR  \\$aPAR$b009082457$lBLL01$r78000$mPricewaterhouseCoopers corporate register$nPrice Waterhouse corporate register
=SRC  \\$aISN01$bbibmp22.200404.2.aa
=SRC  \\$aSRI01$bbibmp25.200404.2.aa
=SRC  \\$aDSS01$bbibmp10.200404.2.aa
=TCO  \\$aCLA$bCLA$c008
=ACF  \\$aPrevious Copyright Fee: GBP6.00$c0$e01-oct-2008$fGBP6.00$g0$hC$5Uk
=ACF  \\$aPrevious copyright fee: GBP6.00$c0$e01-apr-2008$fGBP6.00$g0$hA$5Uk
=ACF  \\$aPrevious copyright fee: GBP5.00$c0$e01-jul-2002$fGBP5.00$g0$hA$5Uk
=ACF  \\$aCurrent copyright fee: GBP2.50$c0$e08-oct-1998$fGBP2.50$g0$hC$5Uk
=ACF  \\$aPrevious copyright fee: GBP10.50$c0$e01-jan-2011$fGBP10.50$g0$hA$5Uk
=ACF  \\$aPrevious copyright fee: GBP12.00$c0$e01-jan-2012$fGBP12.00$g0$hA$5Uk
=ACF  \\$aPrevious Copyright Fee: GBP12.30$c0$e01-jan-2014$fGBP12.30$g0$hA$5Uk
=ACF  \\$aPrevious Copyright Fee: GBP15.00$c0$e01-jan-2017$fGBP15.00$g0$hA$5Uk
=ACF  \\$aPrevious Copyright Fee: GBP17.50$c0$e01-jan-2018$fGBP17.50$g0$hA$5Uk
=ACF  \\$aPrevious Copyright Fee: GBP20.00$c0$e01-jan-2020$fGBP20.00$g0$hA$5Uk
=LAS  \\$aIPL-CLA$b00$c20221231$lBLL01$h1838

