=LDR  02206cam a2200625ua 4500
=001  007921069
=003  Uk
=005  20221231184059.0
=008  990121s1998\\\\enk\\\\||\\\\\000\||eng\\
=FMT  \\$a  BK
=015  \\$aGB9906312$2bnb
=019  y\$ab9906312
=019  9\$ab9906312
=019  1\$ab9906312
=019  a\$aG05720697
=020  \\$cNo price (unbound)
=039  0\$a2526
=040  \\$aUk$cUk
=082  04$a323.49094971$221
=100  1\$aAbrahams, Fred.
=245  10$aFederal Republic of Yugoslavia : detentions and abuse in Kosovo.
=260  \\$aNew York ;$aLondon :$bHuman Rights Watch,$c1998.
=300  \\$a29 p. ;$c28 cm.
=336  \\$atext$2rdacontent
=337  \\$aunmediated$2rdamedia
=338  \\$avolume$2rdacarrier
=490  1\$aHuman Rights Watch report,$x1079-1876 ;$vv. 10, no. 10(D)
=500  \\$aAuthor: Fred Abrahams.
=540  \\$aCurrent Copyright Fee: GBP25.00$c0$5Uk
=650  \0$aHuman rights$zSerbia$zKosovo.
=650  \0$aCivil rights$zSerbia$zKosovo.
=650  \0$aAlbanians$xCivil rights$zSerbia$zKosovo.
=710  2\$aHuman Rights Watch (Organization)
=830  \0$aHuman Rights Watch report,$x1079-1876 ;$vv. 10, no. 10(D)
=852  41$aBritish Library$bHMNTS$jYC.1999.b.1823
=852  41$aBritish Library$bDSC$i4336.444457
=CAT  \\$aCONV$b00$c20040425$lBLL90$h0727
=CAT  \\$aCONV$b00$c20040502$lBLL01$h1235
=CAT  \\$aUE-01$b00$c20050706$lBLL01$h1640
=CAT  \\$aBATCH$b00$c20091121$lBLL01$h2155
=CAT  \\$aBATCH$b00$c20091216$lBLL01$h2332
=CAT  \\$a8874$b40$c20221215$lBLL01$h0814
=CAT  \\$aBATCH-CLA$b00$c20221221$lBLL01$h1727
=CAT  \\$aIPL-CLA$c20221231$lBLL01$h1840
=CFI  0\$aCurrent Copyright Fee: GBP25.00$c0$e01-jan-2023$fGBP25.00$g0$hA$5Uk
=CFI  2\$aPrevious Copyright Fee: GBP22.50$c0$e01-jan-2021$fGBP22.50$g0$hA$5Uk
=FIN  \\$aY
=LEO  \\$aMP5.0001505668
=LEO  \\$aMP13.0000346775
=LEO  \\$aMP8.0001511762
=SRC  \\$aDSC01$bbibmp8.200404.2.ac
=SRC  \\$aBNB03$bbibmp5.200404.2.ac
=SRC  \\$aHSS01$bbibmp13.200404.2.aa
=ACF  \\$aPrevious Copyright Fee: GBP20.00$c0$e01-jan-2020$fGBP20.00$g0$hA$5Uk
=LAS  \\$aIPL-CLA$b00$c20221231$lBLL01$h1840

