=LDR  02657cam a2200625ui 4500
=001  007987933
=003  Uk
=005  20221231184123.0
=008  800301m19799999be\\\\\||\\\\\000\||fre\\
=FMT  \\$a  BK
=019  1\$ar6104029
=040  \\$aUk$cUk
=100  1\$aLory, Jacques.
=245  10$aLibéralisme et instruction primaire, 1842-1879 :$bintroduction à l'étude de la lutte scolaire en Belgique /$cpar Jacques Lory.
=260  \\$aLouvain :$bBureau du Recueil, Bibliothèque de l'Université ; Éditions Nauwelaerts,$c1979.
=300  \\$at.1- ;$c25cm.
=336  \\$atext$2rdacontent
=337  \\$aunmediated$2rdamedia
=338  \\$avolume$2rdacarrier
=490  0\$aUniversité de Louvain. Recueil de travaux d'histoire et de philologie. 6e série. fasc. 17, etc
=504  \\$aBibliography : t.1, p.xxi-lxxx.
=540  \\$aCurrent Copyright Fee: GBP25.00$c0$5Uk
=852  4\$aBritish Library$bDSC$j7331.060000$i6th Ser Vol 17
=852  4\$aBritish Library$bDSC$i6th Ser Vol 18
=852  41$aBritish Library$bHMNTS$jAc:2646/4 [sér.6.fasc.17, etc.]
=957  \\$a7911P 394
=CAT  \\$aCONV$b00$c20040425$lBLL90$h0741
=CAT  \\$aCONV$b00$c20040502$lBLL01$h1237
=CAT  \\$aglobal_upd$b40$c20060417$lBLL01$h1619
=CAT  \\$aUCB-HOL$b00$c20070916$lBLL01$h1645
=CAT  \\$aBATCH$b00$c20070916$lBLL01$h2012
=CAT  \\$aBATCH$b00$c20071128$lBLL01$h0121
=CAT  \\$aBATCH$b00$c20091208$lBLL01$h0321
=CAT  \\$aBATCH-CLA$b00$c20140810$lBLL01$h1429
=CAT  \\$aBATCH-CLA$b00$c20161222$lBLL01$h1702
=CAT  \\$aIPL-CLA$c20161230$lBLL01$h1825
=CAT  \\$aBATCH-CLA$b00$c20171222$lBLL01$h1958
=CAT  \\$aIPL-CLA$c20171231$lBLL01$h1400
=CAT  \\$aBATCH-CLA$b00$c20191219$lBLL01$h1627
=CAT  \\$aIPL-CLA$c20191231$lBLL01$h1729
=CAT  \\$aBATCH-CLA$b00$c20201204$lBLL01$h1423
=CAT  \\$aIPL-CLA$c20201231$lBLL01$h1926
=CAT  \\$aBATCH-CLA$b00$c20221221$lBLL01$h1727
=CAT  \\$aIPL-CLA$c20221231$lBLL01$h1841
=CFI  0\$aCurrent Copyright Fee: GBP25.00$c0$e01-jan-2023$fGBP25.00$g0$hA$5Uk
=CFI  2\$aPrevious Copyright Fee: GBP22.50$c0$e01-jan-2021$fGBP22.50$g0$hA$5Uk
=FIN  \\$aY
=LEO  \\$aMP13.0000916502
=SRC  \\$aHSS01$bbibmp13.200404.2.ab
=SRC  \\$aUCB 2007
=ACF  \\$aPrevious Copyright Fee: GBP12.30$c0$e01-jan-2014$fGBP12.30$g0$hA$5Uk
=ACF  \\$aPrevious Copyright Fee: GBP15.00$c0$e01-jan-2017$fGBP15.00$g0$hA$5Uk
=ACF  \\$aPrevious Copyright Fee: GBP17.50$c0$e01-jan-2018$fGBP17.50$g0$hA$5Uk
=ACF  \\$aPrevious Copyright Fee: GBP20.00$c0$e01-jan-2020$fGBP20.00$g0$hA$5Uk
=LAS  \\$aIPL-CLA$b00$c20221231$lBLL01$h1841

