=LDR  02006cam a2200613ua 4500
=001  008061954
=003  Uk
=005  20220331212713.0
=008  830822s1983\\\\enka\\\\|\\\\\001\|\eng\\
=FMT  \\$a  BK
=010  \\$a82008530
=015  \\$aGB8332894$2bnb
=019  y\$ab8332894
=019  9\$a0471058009
=019  1\$a0471058009
=019  a\$aG03033567
=020  \\$a0471058009 :$c£28.45
=039  0\$a1755
=040  \\$aUk$cUk$dUk
=050  00$aQA402.3
=082  04$a629.8/312$219
=100  1\$aPalm, William J.,$cIII$q(William John),$d1944-
=245  10$aModeling, analysis, and control of dynamic systems /$cWilliam J. Palm III.
=260  \\$aNew York ;$aChichester :$bWiley,$c1983.
=300  \\$axx, 740 p. :$bill. ;$c25 cm.
=336  \\$atext$2rdacontent
=337  \\$aunmediated$2rdamedia
=338  \\$avolume$2rdacarrier
=500  \\$aIncludes index.
=597  \\$aDLC$b82008530
=540  \\$aCurrent Copyright Fee: GBP32.00$c0$5Uk
=650  \0$aAutomatic control$xMathematical models.
=650  \0$aDynamics$xMathematical models.
=650  \0$aSystem analysis.
=653  \\$aControl systems$aDynamics$aMathematical models
=852  41$aBritish Library$bDSC$j83/08025
=852  41$aBritish Library$bDSC$m83/15721
=852  41$aBritish Library$bHMNTS$jX.622/16118
=CAT  \\$aCONV$b00$c20040425$lBLL90$h0806
=CAT  \\$aCONV$b00$c20040502$lBLL01$h1239
=CAT  \\$aBATCH$b00$c20091121$lBLL01$h2257
=CAT  \\$a9668$b40$c20100111$lBLL01$h1132
=CAT  \\$aBATCH-UPD$b40$c20171007$lBLL01$h1751
=CAT  \\$aBATCH-CLAB$c20220330$lBLL01$h1653
=CAT  \\$aIPL-CLA$c20220331$lBLL01$h2127
=CFI  0\$aCurrent Copyright Fee: GBP32.00$c0$e01-apr-2022$fGBP32.00$g0$hC$5Uk
=FIN  \\$aY
=LEO  \\$aMP5.0000621833
=LEO  \\$aMP8.0001222272
=LEO  \\$aMP13.0001657911
=SRC  \\$aBNB03$bbibmp5.200404.2.ab
=SRC  \\$aDSC01$bbibmp8.200404.2.ab
=SRC  \\$aHSS01$bbibmp13.200404.2.ac
=LAS  \\$aIPL-CLA$b00$c20220331$lBLL01$h2127

