=LDR  02205cam a2200697ui 4500
=001  008068129
=003  Uk
=005  20220331212821.0
=008  760731s1975\\\\enka\\\||\\\\\001\||eng\\
=FMT  \\$a  BK
=010  \\$a75009962
=015  \\$aGB7622666$2bnb
=019  y\$aB7622666
=019  9\$a047143132x
=019  1\$a047143132x
=019  0\$as149845006
=020  \\$a047143132X :$c£10.75
=040  \\$aUk$cUk
=050  00$aQC631
=082  04$a537.6$218
=082  04$a537.6$219
=084  \\$aQW 50$2blsrissc
=100  1\$aJackson, John David,$d1925-2016.
=245  10$aClassical electrodynamics /$cJohn David Jackson.
=250  \\$a2nd ed.
=260  \\$aNew York ;$aLondon :$bWiley,$c1975.
=300  \\$axxiii,848p. :$bill. ;$c24cm.
=336  \\$atext$2rdacontent
=337  \\$aunmediated$2rdamedia
=338  \\$avolume$2rdacarrier
=500  \\$aText on lining papers.
=500  \\$aPrevious ed.: 1962.
=500  \\$aBibliography: p.822-827. _ Includes index.
=540  \\$aCurrent Copyright Fee: GBP32.00$c0$5Uk
=650  \0$aElectrodynamics.
=653  \\$aElectrodynamics
=852  4\$aBritish Library$bDSC$j75/42720
=852  4\$aBritish Library$bDSC$j76/2268
=852  41$aBritish Library$bHMNTS$jX.620/16154
=852  11$aBritish Library$bSTI$kQW 50 (B)
=957  \\$a751121c
=CAT  \\$aCONV$b00$c20040425$lBLL90$h0806
=CAT  \\$aCONV$b00$c20040502$lBLL01$h1240
=CAT  \\$aglobal_upd$b40$c20060417$lBLL01$h1625
=CAT  \\$aUCB-HOL$b00$c20070916$lBLL01$h1646
=CAT  \\$aBATCH$b00$c20070916$lBLL01$h2015
=CAT  \\$aBATCH$b00$c20071128$lBLL01$h0124
=CAT  \\$aBATCH$b00$c20091208$lBLL01$h0329
=CAT  \\$aBATCH-UPD$b00$c20170123$lBLL01$h2027
=CAT  \\$aBATCH-CLAB$c20220330$lBLL01$h1702
=CAT  \\$aIPL-CLA$c20220331$lBLL01$h2128
=CFI  0\$aCurrent Copyright Fee: GBP32.00$c0$e01-apr-2022$fGBP32.00$g0$hC$5Uk
=FIN  \\$aY
=LEO  \\$aMP3.0000082098
=LEO  \\$aMP13.0001664275
=LEO  \\$aMP25.0000050753
=SRC  \\$aBNB02$bbibmp3.200404.2.aa
=SRC  \\$aHSS01$bbibmp13.200404.2.ac
=SRC  \\$aSRI01$bbibmp25.200404.2.aa
=SRC  \\$aUCB 2007
=LAS  \\$aIPL-CLA$b00$c20220331$lBLL01$h2128

