=LDR  02098cam a2200613ui 4500
=001  008075297
=003  Uk
=005  20220331212919.0
=008  771014s1974\\\\enka\\\||\\\\\000\||eng\\
=FMT  \\$a  BK
=015  \\$aGB7727051$2bnb
=019  y\$aB7727051
=019  9\$a0471995258
=019  1\$a0471995258
=020  \\$a0471995258 :$c£20.00
=040  \\$aUk$cUk
=050  00$aQD113
=082  04$a545/.812$218
=100  1\$aThomas, L. C.$q(Leslie Charles)
=245  10$aColorimetric chemical analytical methods.
=250  \\$a8th ed. /$b[by] L.C. Thomas, G.J. Chamberlin.
=260  \\$aSalisbury :$bTintometer Ltd ;$aLondon :$bDistributed by Wiley,$c1974.
=300  \\$a[3],xli,626p. :$bill. ;$c27cm.
=336  \\$atext$2rdacontent
=337  \\$aunmediated$2rdamedia
=338  \\$avolume$2rdacarrier
=500  \\$aPrevious ed.: / by Tintometer Limited. 1967.
=540  \\$aCurrent Copyright Fee: GBP32.00$c0$5Uk
=650  \0$aColorimetric analysis$xLaboratory manuals.
=653  \\$aColorimetric analysis
=700  1\$aChamberlin, G. J.$q(Gordon James),$d1904-
=710  2\$aTintometer Ltd.
=852  4\$aBritish Library$bDSC$j75/12646$xLost 9/5/05
=852  4\$aBritish Library$bDSC$x2 copies
=852  41$aBritish Library$bHMNTS$jX.622/6187
=957  \\$a770511c
=CAT  \\$aCONV$b00$c20040425$lBLL90$h0806
=CAT  \\$aCONV$b00$c20040502$lBLL01$h1240
=CAT  \\$aglobal_upd$b40$c20060417$lBLL01$h1625
=CAT  \\$aUCB-HOL$b00$c20070916$lBLL01$h1646
=CAT  \\$aBATCH$b00$c20070916$lBLL01$h2015
=CAT  \\$aBATCH$b00$c20071128$lBLL01$h0125
=CAT  \\$aBATCH$b00$c20091208$lBLL01$h0329
=CAT  \\$a5194$b40$c20111005$lBLL01$h1554
=CAT  \\$aBATCH-CLAB$c20220330$lBLL01$h1711
=CAT  \\$aIPL-CLA$c20220331$lBLL01$h2129
=CFI  0\$aCurrent Copyright Fee: GBP32.00$c0$e01-apr-2022$fGBP32.00$g0$hC$5Uk
=FIN  \\$aY
=LEO  \\$aMP5.0000624232
=LEO  \\$aMP13.0001671611
=SRC  \\$aBNB03$bbibmp5.200404.2.ab
=SRC  \\$aHSS01$bbibmp13.200404.2.ac
=SRC  \\$aUCB 2007
=LAS  \\$aIPL-CLA$b00$c20220331$lBLL01$h2129

