=LDR  01986 am a2200577ua 4500
=001  008085744
=003  Uk
=005  20091121231000.0
=008  000626s2000\\\\enka\\\||\\\\\001\||eng\\
=FMT  \\$a  BK
=010  \\$a00022705
=015  \\$aGBA042784$2bnb
=019  y\$abA042784
=019  9\$a0714650641
=019  a\$aG05959757
=019  1\$a0714650641
=020  \\$a0714650641 (cased) :$cNo price
=020  \\$a071468113X (pbk) :$cNo price
=039  0\$a2597
=040  \\$aDLC$cDLC$dUk
=082  04$a363.705$221
=245  00$aEcological modernisation around the world :$bperspectives and critical debates /$cedited by Arthur P.J. Mol and David A. Sonnenfeld.
=260  \\$aLondon :$bFrank Cass,$c2000.
=300  \\$a300 p. :$bill. ;$c23 cm.
=336  \\$atext$2rdacontent
=337  \\$aunmediated$2rdamedia
=338  \\$avolume$2rdacarrier
=500  \\$aThis group of studies first appeared in a special issue of Environmental politics (ISSN 0964-4016) 9/1 Spring 2000 published by Frank Cass--T.p. verso.
=504  \\$aIncludes bibliographical references and index.
=650  \0$aEnvironmental policy.
=650  \0$aEcology.
=650  \0$aEconomic development$xEnvironmental aspects.
=700  1\$aMol, A. P. J.
=700  1\$aSonnenfeld, David Allan.
=740  0\$aEnvironmental politics.
=852  41$aBritish Library$bDSC$i3791.538
=852  41$aBritish Library$bHMNTS$jYC.2000.a.8842
=945  \\$aEnvironmental politics ; v 9
=CAT  \\$aCONV$b00$c20040425$lBLL90$h0811
=CAT  \\$aCONV$b00$c20040502$lBLL01$h1240
=CAT  \\$aglobal_upd$b40$c20060417$lBLL01$h0532
=CAT  \\$a12179$b40$c20070713$lBLL01$h1128
=CAT  \\$aBATCH$b00$c20091121$lBLL01$h2310
=FIN  \\$aY
=LEO  \\$aMP5.0001659936
=LEO  \\$aMP8.0001610076
=LEO  \\$aMP13.0001849125
=SRC  \\$aBNB03$bbibmp5.200404.2.ac
=SRC  \\$aDSC01$bbibmp8.200404.2.ac
=SRC  \\$aHSS01$bbibmp13.200404.2.ad
=LAS  \\$aBATCH$b00$c20091121$lBLL01$h2310

