=LDR  01890 am a2200577ua 4500
=001  008085941
=003  Uk
=005  20091121231000.0
=008  020812s2002\\\\enk\\\\||\\\\\001\||eng\\
=FMT  \\$a  BK
=010  \\$a2002005256
=015  \\$aGBA252894$2bnb
=019  y\$abA252894
=019  9\$a0714653241
=019  a\$aG07582002
=019  1\$a0714653241
=020  \\$a0714653241 :$cNo price
=020  \\$a0714682675 (pbk.) :$cNo price
=039  0\$a2704
=040  \\$aDLC$cDLC$dUk
=082  04$a341.584$221
=245  00$aRecovering from civil conflict :$breconciliation, peace, and development /$ceditors, Edward Newman, Albrecht Schnabel.
=260  \\$aLondon :$bF. Cass,$c2002.
=300  \\$a231 p. ;$c23 cm.
=336  \\$atext$2rdacontent
=337  \\$aunmediated$2rdamedia
=338  \\$avolume$2rdacarrier
=490  0\$aThe Cass series on peacekeeping,$x1367-9880
=500  \\$aReprinted from: International Peacekeeping, v. 9, no. 2, Summer 2002.
=504  \\$aIncludes bibliographical references and index.
=650  \0$aPeacekeeping forces.
=650  \0$aNationalism.
=650  \0$aPeace$xEconomic aspects.
=700  1\$aNewman, Edward,$d1970-
=700  1\$aSchnabel, Albrecht.
=740  0\$aInternational Peacekeeping.
=852  41$aBritish Library$bDSC$i4544.892
=852  41$aBritish Library$bHMNTS$jYC.2002.a.12425
=945  \\$aInternational peacekeeping -London- ; v 9
=CAT  \\$aCONV$b00$c20040425$lBLL90$h0811
=CAT  \\$aCONV$b00$c20040502$lBLL01$h1240
=CAT  \\$aglobal_upd$b40$c20060417$lBLL01$h0532
=CAT  \\$aBATCH$b00$c20091121$lBLL01$h2310
=FIN  \\$aY
=LEO  \\$aMP5.0000203033
=LEO  \\$aMP8.0001786824
=LEO  \\$aMP13.0001849329
=SRC  \\$aBNB03$bbibmp5.200404.2.aa
=SRC  \\$aDSC01$bbibmp8.200404.2.ac
=SRC  \\$aHSS01$bbibmp13.200404.2.ad
=LAS  \\$aBATCH$b00$c20091121$lBLL01$h2310

