=LDR  01569 am a2200493ua 4500
=001  008092286
=003  Uk
=005  20101124055800.0
=008  010102s2000\\\\enkac\\||\\\\\001\||eng\\
=FMT  \\$a  BK
=015  \\$aGB99X5978$2bnb
=019  y\$ab99X5978
=019  9\$a0715629433
=019  1\$a0715629433
=020  \\$a0715629433 :$c£20.00
=039  0\$a2623
=040  \\$aStDuBDS$dUk
=082  04$a782.1$221
=100  1\$aFawkes, Richard,$d1944-
=245  10$aOpera on film /$cRichard Fawkes.
=260  \\$aLondon :$bDuckworth,$c2000.
=300  \\$ax, 262 p., [14] p. of plates :$bill., ports. ;$c24 cm.
=336  \\$atext$2rdacontent
=337  \\$aunmediated$2rdamedia
=338  \\$avolume$2rdacarrier
=504  \\$aIncludes bibliographical references and index.
=650  \0$aOperas$xFilm and video adaptations.
=650  \0$aOpera$xProduction and direction.
=852  41$aBritish Library$bHMNTS$cSPHOA
=852  41$aBritish Library$bHMNTS$jYC.2000.a.13675
=CAT  \\$aCONV$b00$c20040425$lBLL90$h0811
=CAT  \\$aCONV$b00$c20040502$lBLL01$h1241
=CAT  \\$aBATCH$b00$c20091121$lBLL01$h2313
=CAT  \\$aBATCH$b00$c20091208$lBLL01$h0332
=CAT  \\$aBATCH$b00$c20091214$lBLL01$h0322
=CAT  \\$aBATCH$b00$c20091216$lBLL01$h0102
=CAT  \\$aBATCH-UPD$b00$c20101124$lBLL01$h0558
=FIN  \\$aY
=LEO  \\$aMP5.0001661231
=LEO  \\$aMP13.0001855872
=SRC  \\$aBNB03$bbibmp5.200404.2.ac
=SRC  \\$aMOP01$bbibm1.200404.2.aa
=SRC  \\$aHSS01$bbibmp13.200404.2.ad
=LAS  \\$aBATCH-UPD$b00$c20101124$lBLL01$h0558

