=LDR  02809cam a2200709ui 4500
=001  008092838
=003  Uk
=005  20221231184212.0
=008  760709r19761881enk\\\\||bc\\\001\||eng\\
=FMT  \\$a  BK
=015  \\$aGB7620314$2bnb
=019  y\$aB7620314
=019  9\$a0715811584
=019  1\$a0715811584
=019  u\$aG11342615
=020  \\$a0715811584 :$c£9.00
=040  \\$aUk$cUk
=043  \\$ae-uk---$ae-ukelo
=050  00$aZ2016
=082  04$a016.9141/04$218
=110  2\$aBritish Museum.$bDepartment of Printed Books.
=245  14$aThe book of British topography :$ba classified catalogue of the topographical works in the Library of the British Museum relating to Great Britain and Ireland /$cby John P. Anderson.
=250  \\$a[1st ed. reprinted] /$bwith a new introduction by Jack Simmons.
=260  \\$aWakefield :$bEP Publishing,$c1976.
=300  \\$axx,572p. ;$c23cm.
=336  \\$atext$2rdacontent
=337  \\$aunmediated$2rdamedia
=338  \\$avolume$2rdacarrier
=500  \\$aFacsimile reprint of: 1st ed., London : Satchell and Co., 1881.
=500  \\$aIncludes index.
=540  \\$aCurrent Copyright Fee: GBP30.00$c0$5Uk
=653  \\$aLondon$aCamden (London Borough)$aMuseums$aLibraries$aBritish Museum$aDepartment of Printed Books$aStock$aBooks of description & travel of Great Britain$aBooks with British imprints$ato 1881$aBibliographies$aCatalogues
=610  24$aBritish Museum.$bDepartment of Printed Books.
=651  \0$aGreat Britain$xDescription and travel$xBibliography.
=651  \0$aGreat Britain$xImprints$xCatalogs.
=700  1\$aAnderson, John Parker,$d1841-1925.
=852  11$aBritish Library$bDSC$cQ$h914.5
=852  41$aBritish Library$bHMNTS$jX.800/25444
=852  41$aBritish Library$bDSC$j76/46286
=957  \\$a760526c
=985  \\$aRecord amended for WR# 13/070
=CAT  \\$aCONV$b00$c20040425$lBLL90$h0811
=CAT  \\$aCONV$b00$c20040502$lBLL01$h1241
=CAT  \\$a5194$b40$c20050321$lBLL01$h0940
=CAT  \\$aglobal_upd$b40$c20060417$lBLL01$h1627
=CAT  \\$a12179$b40$c20070223$lBLL01$h1147
=CAT  \\$aBATCH$b00$c20091208$lBLL01$h0332
=CAT  \\$aBATCH-UPD$b00$c20100712$lBLL01$h1650
=CAT  \\$aWR13_070$b00$c20130504$lBLL01$h0153
=CAT  \\$aWR13_070$b00$c20130525$lBLL01$h1409
=CAT  \\$aBATCH-UPD$b00$c20170701$lBLL01$h1825
=CAT  \\$aBATCH-CLAB$c20221217$lBLL01$h1723
=CAT  \\$aIPL-CLA$c20221231$lBLL01$h1842
=CFI  0\$aCurrent Copyright Fee: GBP30.00$c0$e01-jan-2023$fGBP30.00$g0$hC$5Uk
=FIN  \\$aY
=LEO  \\$aMP3.0000122435
=LEO  \\$aMP13.0001856557
=LEO  \\$aMP34.0000481029
=SRC  \\$aBNB02$bbibmp3.200404.2.aa
=SRC  \\$aHSS01$bbibmp13.200404.2.ad
=SRC  \\$aUCB01$bbibmp34.200404.2.aa
=LAS  \\$aIPL-CLA$b00$c20221231$lBLL01$h1842

