=LDR  01749 am a2200481uu 4500
=001  008269166
=003  Uk
=005  20091209005600.0
=008  040420s1979\\\\fr\a\\\||b\\\o000\||eng\\
=FMT  \\$a  BK
=019  u\$aG11300327
=040  \\$aUk$cUk
=043  \\$aew-----
=050  00$aLC221.4.E85
=082  04$a370.19/31$219
=100  1\$aCarter, Graham.
=245  10$aHandbook on environmental education in a totally urban setting /$cby Graham Carter.
=260  \\$aStrasbourg :$bCouncil of Europe,$c1979.
=300  \\$ai, 118 p. :$bill. ;$c30 cm.
=336  \\$atext$2rdacontent
=337  \\$aunmediated$2rdamedia
=338  \\$avolume$2rdacarrier
=504  \\$aBibliography: p. 116-118.
=590  \\$aAt head of title: Committee for the Conservation of Nature and Natural Resources
=650  \0$aCommunity and school$zEurope$xCase studies.
=650  \0$aEnvironmental education$zEurope$xCurricula$xCase studies.
=651  \0$aEurope$xHistory, Local$xStudy and teaching$xCase studies.
=710  2\$aCouncil of Europe.$bEuropean Committee for the Conservation of Nature and Natural Resources.
=852  4\$aBritish Library$bDSC$jGP/CE/344
=852  4\$aBritish Library$bDSC$xOP/CE-344
=852  41$aBritish Library$bDSC$jGP/CE/344
=CAT  \\$aCONV$b00$c20040425$lBLL90$h0910
=CAT  \\$aCONV$b00$c20040502$lBLL01$h1246
=CAT  \\$aglobal_upd$b40$c20060417$lBLL01$h0553
=CAT  \\$aUCB-HOL$b00$c20070918$lBLL01$h1611
=CAT  \\$aBATCH$b00$c20070918$lBLL01$h2002
=CAT  \\$aBATCH$b00$c20071129$lBLL01$h0101
=CAT  \\$aBATCH$b00$c20091209$lBLL01$h0056
=FIN  \\$aY
=LEO  \\$aMP34.0000467153
=SRC  \\$aUCB01$bbibmp34.200404.2.aa
=SRC  \\$aUCB 2007
=LAS  \\$aBATCH$b00$c20091209$lBLL01$h0056

