=LDR  01627 am a2200493uu 4500
=001  008270032
=003  Uk
=005  20091209005600.0
=008  040420s1971\\\\xxub\\\||b\\\\001\||eng\\
=FMT  \\$a  BK
=019  u\$aG11301373
=020  \\$c{dollar}7.95
=040  \\$aUk$cUk
=041  1\$aeng$hita
=043  \\$ae-gr---
=050  00$aD766.3
=082  04$a940.542/1
=100  1\$aCervi, Mario.
=240  10$aStoria della guerra di Grecia.$lEnglish
=245  14$aThe hollow legions :$bMussolini's blunder in Greece, 1940-1941 /$cTranslated from the Italian by Eric Mosbacher. Introd. by F. W. Deakin.
=250  \\$a[1st ed.]
=260  \\$aGarden City, N.Y. :$bDoubleday,$c[1971]
=300  \\$axxx, 373 p. :$bmaps ;$c22 cm.
=336  \\$atext$2rdacontent
=337  \\$aunmediated$2rdamedia
=338  \\$avolume$2rdacarrier
=504  \\$aBibliography: p. [353]-354.
=546  \\$aTranslation of Storia della guerra di Grecia.
=650  \0$aWorld War, 1939-1945$xCampaigns$zGreece.
=852  4\$aBritish Library$bDSC$xA71/3866
=852  4\$aBritish Library$bDSC$jA71/3866
=852  41$aBritish Library$bDSC$jA71/3866
=CAT  \\$aCONV$b00$c20040425$lBLL90$h0910
=CAT  \\$aCONV$b00$c20040502$lBLL01$h1246
=CAT  \\$aglobal_upd$b40$c20060417$lBLL01$h0554
=CAT  \\$aUCB-HOL$b00$c20070918$lBLL01$h1611
=CAT  \\$aBATCH$b00$c20070918$lBLL01$h2002
=CAT  \\$aBATCH$b00$c20071129$lBLL01$h0101
=CAT  \\$aBATCH$b00$c20091209$lBLL01$h0056
=FIN  \\$aY
=LEO  \\$aMP34.0000468197
=SRC  \\$aUCB01$bbibmp34.200404.2.aa
=SRC  \\$aUCB 2007
=LAS  \\$aBATCH$b00$c20091209$lBLL01$h0056

