=LDR  01761cam a2200493 a 4500
=001  008307959
=003  Uk
=005  20220331213046.0
=008  030701s2004\\\\nyu\\\\\\bf\\\001\0\eng\\
=FMT  \\$a  BK
=010  \\$a  2003059715
=015  \\$aGBA460414$2bnb
=020  \\$a0393704122 (pbk.) :$cNo price
=040  \\$aDLC$cDLC$dDLC$dUk
=042  \\$aukblsr
=050  00$aRJ506.P55$bP675 2004
=082  00$a618.928521$222
=245  00$aPosttraumatic stress disorders in children and adolescents :$bhandbook /$cedited by Raul R. Silva.
=260  \\$aNew York ;$aLondon :$bNorton,$cc2004.
=300  \\$axiv, 371 p. ;$c21 cm.
=336  \\$atext$2rdacontent
=337  \\$aunmediated$2rdamedia
=338  \\$avolume$2rdacarrier
=500  \\$a"A Norton professional book"
=504  \\$aIncludes bibliographical references and index.
=540  \\$aBritish Library not licensed to copy$c0$5Uk
=650  \0$aPost-traumatic stress disorder in children$vHandbooks, manuals, etc.
=650  \0$aTeenagers$xMental health$vHandbooks, manuals, etc.
=700  1\$aSilva, Raul R.
=852  41$aBritish Library$bDSC$jm04/31179
=852  11$aBritish Library$bSTI$k(B)$k618.928521
=957  \\$r8/3/04$tM/37792-06
=CAT  \\$aCONV$b00$c20040425$lBLL90$h0921
=CAT  \\$aCONV$b00$c20040502$lBLL01$h1247
=CAT  \\$a12179$b40$c20040818$lBLL01$h0942
=CAT  \\$a7000$b40$c20040818$lBLL01$h1624
=CAT  \\$aBATCH$b00$c20091209$lBLL01$h0118
=CAT  \\$aBATCH-CLAB$c20220330$lBLL01$h1742
=CAT  \\$aIPL-CLA$c20220331$lBLL01$h2130
=CFI  0\$aBritish Library not licensed to copy$c0$e01-apr-2022$hC$iCFP Excluded$5Uk
=FIN  \\$aY
=LDO  \\$aLDO$bpbk
=SRC  \\$aLDS01$bbiblm.200404.2.aa
=LAS  \\$aIPL-CLA$b00$c20220331$lBLL01$h2130

