=LDR  02499 am a2200649 a 4500
=001  008512957
=003  Uk
=005  20090508133120.0
=008  040206m20042009gw\a\\\\\b\\\\000\0ager\\
=FMT  \\$a  BK
=010  \\$a2004364774
=020  \\$a3518416057 (v. 1 : pbk.)
=020  \\$a3518417584 (v. 2 : pbk.)
=020  \\$a9783518417591 (v. 3 : pbk.)
=020  \\$a9783518420690 (v. 4 : pbk.)
=020  \\$a9783518420706 (v. 5 : pbk.)
=035  \\$a(GyWOH)har045003038
=040  \\$aDLC$beng$cDLC$dDLC$dUk
=042  \\$aukblsr
=050  00$aPT2680.L378$bZ476 2004
=082  00$a838.91403$222
=100  1\$aSchleef, Einar,$d1944-2001.
=245  10$aTagebuch /$cEinar Schleef ; herausgegeben von Winfried Menninghaus ... [et al.].
=250  \\$a1. Aufl.
=260  \\$aFrankfurt am Main :$bSuhrkamp,$c2004-2009.
=300  \\$a5 v. :$bill. (some col.) ;$c24 cm.
=336  \\$atext$2rdacontent
=337  \\$aunmediated$2rdamedia
=338  \\$avolume$2rdacarrier
=500  \\$av. [3], [4] and [5] include a loose leaf.
=504  \\$aIncludes bibliographical references.
=505  1\$a[v. 1.] 1953-1963 : Sangerhausen -- [v. 2.] 1964-1976 : Ostberlin -- [v. 3.] 1977-1980 : Wien, Frankfurt am Main, Westberlin -- [v. 4.] 1981-1998 : Frankfurt am Main, Westberlin -- [v. 5.] 1999-2001 : Berlin, Wien.
=600  10$aSchleef, Einar,$d1944-2001$vDiaries.
=650  \0$aAuthors, German$y20th century$vDiaries.
=700  1\$aMenninghaus, Winfried.
=852  41$aBritish Library$bHMNTS$jYF.2009.a.14923$i[v. 4.]
=852  41$aBritish Library$bHMNTS$i[v. 5.]
=852  41$aBritish Library$bHMNTS$jYF.2007.a.26928.$i[v. 3.]
=852  41$aBritish Library$bHMNTS$jYF.2007.a.643.$i[v. 2.]
=852  41$aBritish Library$bHMNTS$jYF.2005.a.10931$i[v. 1.]
=957  \\$r16/02/2004
=CAT  \\$aCONV$b00$c20040425$lBLL90$h0656
=CAT  \\$aCONV$b00$c20040502$lBLL01$h1255
=CAT  \\$a11069$b40$c20050311$lBLL01$h1446
=CAT  \\$a11069$b40$c20050311$lBLL01$h1447
=CAT  \\$a11069$b40$c20050323$lBLL01$h1213
=CAT  \\$a5194$b40$c20061101$lBLL01$h1616
=CAT  \\$a8256$b40$c20061218$lBLL01$h1610
=CAT  \\$a11312$b40$c20070920$lBLL01$h1413
=CAT  \\$a11312$b40$c20070920$lBLL01$h1414
=CAT  \\$a11069$b40$c20090508$lBLL01$h1331
=CAT  \\$aBATCH$b00$c20091209$lBLL01$h0205
=FIN  \\$aY$d20050311
=SID  \\$aZ39$bLOC
=SRC  \\$aMOP01$bbibm1.200404.2.aa
=SRC  \\$aMOP02$bbibm2.200404.2.aa
=LAS  \\$aBATCH$b00$c20091209$lBLL01$h0205

