=LDR  01755 am a2200469ua 4500
=001  008579036
=003  Uk
=005  20201017085724.0
=008  850404|||||||||enk\\\\||\\\\||||\||eng\\
=FMT  \\$a  BK
=019  1\$aa6500921
=040  \\$aUk$cUk
=082  04$a354.41007144$219
=245  04$aThe Design of forms in government departments /$ccompiled by the Organisation and Methods Division of Her Majesty's Treasury.
=250  \\$a2nd ed.
=260  \\$aLondon :$bH.M.S.O.,$c1962.
=300  \\$a173p. :$bill., forms ;$c28cm.
=336  \\$atext$2rdacontent
=337  \\$aunmediated$2rdamedia
=338  \\$avolume$2rdacarrier
=500  \\$aPrevious ed.: 1945.
=500  \\$aBibliography: p170. _ Includes index.
=690  7\$aManagement and Business Studies$2blcoll
=710  1\$aGreat Britain.$bTreasury.$bOrganisation and Methods Division.
=883  0\$aLanguage codes assigned by Bayesian analysis of words present in record$d20200826$qUk$c0.9919
=852  41$aBritish Library$bDSC$jOP-62/TR *1*
=852  41$aBritish Library$bDSC$jWq2/5064
=852  41$aBritish Library$bDSC$jW37/2255
=852  11$aBritish Library$bDSC$h651.72
=852  41$aBritish Library$bHMNTS$j2719.x.13586
=985  \\$aEnhanced by MS generated file for WR# 12/139
=985  \\$aUpgraded by BSS-generated file for WR2009-0365
=CAT  \\$aCONV$b00$c20040425$lBLL90$h0717
=CAT  \\$aCONV$b00$c20040502$lBLL01$h1257
=CAT  \\$aBATCH$b00$c20090527$lBLL01$h1804
=CAT  \\$aBATCH$b00$c20091122$lBLL01$h0046
=CAT  \\$aWR12.139$b00$c20130503$lBLL01$h2020
=CAT  \\$aW2009-0365$b00$c20201017$lBLL01$h0857
=FIN  \\$aY
=LEO  \\$aMP13.0000007075
=SRC  \\$aHSS01$bbibmp13.200404.2.aa
=LAS  \\$aW2009-0365$b00$c20201017$lBLL01$h0857

