=LDR  01416 am a2200409ua 4500
=001  008580020
=003  Uk
=005  20201017085729.0
=008  890725|||||||||enk\\\\||\\\\||||\||eng\\
=FMT  \\$a  BK
=019  1\$aa6502244
=040  \\$aUk$cUk
=082  04$a069.95$219
=110  2\$aScience Museum (Great Britain)
=245  04$aThe Science Museum :$bthe first hundred years.
=260  \\$aLondon :$bH.M.S.O.,$c1957.
=300  \\$a85p. :$bill. ;$c25cm.
=336  \\$atext$2rdacontent
=337  \\$aunmediated$2rdamedia
=338  \\$avolume$2rdacarrier
=883  0\$aLanguage codes assigned by Bayesian analysis of words present in record$d20200826$qUk$c0.9919
=852  41$aBritish Library$bDSC$jOP-GPA/14204
=852  41$aBritish Library$bDSC$jOP-GPA/14186
=852  11$aBritish Library$bDSC$h507.4
=852  41$aBritish Library$bHMNTS$j2719.x.12441
=985  \\$aEnhanced by MS generated file for WR# 12/139
=985  \\$aUpgraded by BSS-generated file for WR2009-0365
=CAT  \\$aCONV$b00$c20040425$lBLL90$h0717
=CAT  \\$aCONV$b00$c20040502$lBLL01$h1257
=CAT  \\$a5194$b40$c20060224$lBLL01$h1604
=CAT  \\$aBATCH$b00$c20091122$lBLL01$h0047
=CAT  \\$aWR12.139$b00$c20130503$lBLL01$h2020
=CAT  \\$aW2009-0365$b00$c20201017$lBLL01$h0857
=FIN  \\$aY
=LEO  \\$aMP13.0000008122
=SRC  \\$aHSS01$bbibmp13.200404.2.aa
=LAS  \\$aW2009-0365$b00$c20201017$lBLL01$h0857

