=LDR  02489 am a2200625ua 4500
=001  009902251
=003  Uk
=005  20070213085903.0
=008  000906s2000\\\\lu\ab\\||\\\\o000\||eng\\
=FMT  \\$a  BK
=019  1\$abld00D6873
=019  a\$aG07048938
=020  \\$a9282873218 (pbk.)
=040  \\$aUk$cUk
=041  0\$aeng$bfre
=082  04$a354.353094$222
=245  00$aInclusive cities :$bbuilding local capacity for development.
=260  \\$aLuxembourg :$bEuropean Commission,$c2000.
=300  \\$a111 p. :$bill., maps ;$c30 cm.
=336  \\$atext$2rdacontent
=337  \\$aunmediated$2rdamedia
=338  \\$avolume$2rdacarrier
=490  1\$aStudy ;$v32
=504  \\$aIncludes bibliographical references.
=546  \\$aIncludes French summary.
=650  \0$aRegional planning districts$zEuropean Union countries.
=650  \0$aRegional planning$xCitizen participation$zEuropean Union countries.
=650  \0$aRegional planning$xCitizen participation$zEuropean Union countries$vCase studies.
=650  \0$aCity planning$zEuropean Union countries.
=650  \0$aCity planning$zEuropean Union countries$vCase studies.
=690  7\$aManagement and Business Studies$2blcoll
=710  2\$aEuropean Commission.
=710  2\$aEuropean Commission.$bDirectorate-General for Regional Policy and Cohesion.
=830  \0$aStudy (European Union. Regional Policy and Cohesion) ;$v32.
=886  2\$2ukmarc$a910$b20$aEuropäische Kommission$xSee$aEuropean Commission$z710
=886  2\$2ukmarc$a910$b20$aCommissione Europea$xSee$aEuropean Commission$z710
=886  2\$2ukmarc$a910$b20$aCommission Européenne$xSee$aEuropean Commission$z710
=886  2\$2ukmarc$a910$b20$aCommission of the European Communities$xSee also$aEuropean Commission$z710
=852  41$aBritish Library$bDSC$j8485.575000$i32
=852  41$aBritish Library$bHMNTS$hEU354.353094
=852  41$aBritish Library$bHMNTS$jUNP.131A/425
=957  \\$a000822d
=CAT  \\$aCONV$b00$c20040425$lBLL90$h0718
=CAT  \\$aCONV$b00$c20040502$lBLL01$h1342
=CAT  \\$a8964$b40$c20060512$lBLL01$h1311
=CAT  \\$a8964$b40$c20060512$lBLL01$h1312
=CAT  \\$a6933$b40$c20070213$lBLL01$h0859
=CAT  \\$aBATCH$b00$c20090619$lBLL01$h1805
=CAT  \\$aBATCH$b00$c20091122$lBLL01$h1255
=FIN  \\$aY
=LEO  \\$aMP13.0000052921
=LEO  \\$aMP8.0001657423
=SRC  \\$aDSC01$bbibmp8.200404.2.ac
=SRC  \\$aHSS01$bbibmp13.200404.2.aa
=LAS  \\$aBATCH$b00$c20091122$lBLL01$h1255

