=LDR  02369aaa a2200649 a 4500
=001  006021857
=003  Uk
=005  20070508012704.0
=008  990111s1989\\\\paua\\\\\b\\\\001\0\eng\\
=FMT  \\$a  BK
=010  \\$a   89022034 
=015  \\$aGBA731443$2bnb
=016  7\$a006021857$2Uk
=019  a\$aG01294472
=020  \\$a0898712475
=035  \\$a(UkOxU)UkOxUb13393729
=040  \\$aUk$cUk$dUk
=042  \\$aukscp
=050  00$aQA377$b.M32 1989
=082  00$a515.353$220
=100  1\$aMcCormick, S. F.$q(Stephen Fahrney),$d1944-
=245  10$aMultilevel adaptive methods for partial differential equations /$cStephen F. McCormick.
=260  0\$aPhiladelphia :$bSociety for Industrial and Applied Mathematics,$c1989.
=300  \\$aix, 162 p. :$bill. ;$c23 cm.
=336  \\$atext$2rdacontent
=337  \\$aunmediated$2rdamedia
=338  \\$avolume$2rdacarrier
=490  1\$aFrontiers in applied mathematics ;$v6
=504  \\$aIncludes bibliographical references (p. 155-160).
=540  \\$aBritish Library not licensed to copy$c0$5Uk
=650  \0$aDifferential equations, Partial$xNumerical solutions.
=650  \0$aMultigrid methods (Numerical analysis)
=830  \0$aFrontiers in applied mathematics ;$v6.
=852  71$aBritish Library$bSTI$2blsrissc
=852  41$aBritish Library$bDSC$j4041.568000$ivol 6
=945  \\$aFrontiers in applied mathematics ; vol 6
=985  \\$aLDL record matched & merged
=CAT  \\$aCONV$b00$c20040502$lBLL01$h1125
=CAT  \\$aglobal_upd$b40$c20060416$lBLL01$h2242
=CAT  \\$a12664$b40$c20070418$lBLL01$h1120
=CAT  \\$a9678$b40$c20070425$lBLL01$h1127
=CAT  \\$aBATCH-LDL$b00$c20070508$lBLL01$h0126
=CAT  \\$aBATCH$b00$c20070508$lBLL01$h0126
=CAT  \\$aBATCH-LDL$b00$c20070508$lBLL01$h0127
=CAT  \\$aBATCH$b00$c20091206$lBLL01$h0344
=CAT  \\$aBATCH$b00$c20091216$lBLL01$h2216
=CAT  \\$aBATCH-CLA$b00$c20130602$lBLL01$h0126
=CAT  \\$aWR16_021$c20160608$lBLL01$h1728
=CAT  \\$aBATCH-UPD$b00$c20160608$lBLL01$h1953
=CAT  \\$aBATCH-CLA$b00$c20160609$lBLL01$h0125
=CFI  0\$aBritish Library not licensed to copy$c0$e07-sep-2011$hC$iTX$5Uk
=FIN  \\$aY
=LEO  \\$aMP8.0000627842
=SRC  \\$aDSC01$bbibmp8.200404.2.aa
=SRC  \\$aBLL02$bpart.2.ao
=TCO  \\$aTRS$bCCC$c008
=LAS  \\$aBATCH-CLA$b00$c20160609$lBLL01$h0125

