=LDR  02058aaa a2200577 a 4500
=001  006158695
=003  Uk
=005  20070418113834.0
=008  920714s1992\\\\paua\\\\\b\\\\001\0\eng\\
=FMT  \\$a  BK
=010  \\$a   92027712 
=015  \\$aGBA729487$2bnb
=016  7\$a006158695$2Uk
=019  a\$aG01923945
=020  \\$a0898712971 (pbk) :$cNo price
=040  \\$aDLC$cDLC$dDLC$dUk
=050  00$aQA402.3$b.C624 1992
=082  00$a629.8312$220
=245  00$aControl and estimation in distributed parameter systems /$cedited by H.T. Banks.
=260  \\$aPhiladelphia, Pa. :$bSociety for Industrial and Applied Mathematics,$cc1992.
=300  \\$axii, 227 p. :$bill. ;$c26 cm.
=336  \\$atext$2rdacontent
=337  \\$aunmediated$2rdamedia
=338  \\$avolume$2rdacarrier
=490  1\$aFrontiers in applied mathematics ;$vvol. 11
=504  \\$aIncludes bibliographical references and index.
=540  \\$aBritish Library not licensed to copy$c0$5Uk
=650  \0$aControl theory.
=650  \0$aEstimation theory.
=650  \0$aDistributed parameter systems.
=700  1\$aBanks, H. T.$q(Harvey Thomas),$d1940-
=886  2\$2blmarc$a010$b00$a92027712
=830  \0$aFrontiers in applied mathematics ;$v11.
=852  71$aBritish Library$bSTI$2blsrissc
=852  41$aBritish Library$bDSC$j4041.568000$ivol 11
=CAT  \\$aCONV$b00$c20040502$lBLL01$h1131
=CAT  \\$aglobal_upd$b40$c20060416$lBLL01$h2330
=CAT  \\$a9523$b40$c20070418$lBLL01$h1138
=CAT  \\$aBATCH$b00$c20091206$lBLL01$h0437
=CAT  \\$aBATCH$b00$c20091214$lBLL01$h0101
=CAT  \\$aBATCH-CLA$b00$c20130602$lBLL01$h0129
=CAT  \\$a10743$b40$c20140106$lBLL01$h0946
=CAT  \\$aBATCH-CLA$b00$c20140107$lBLL01$h0036
=CAT  \\$aWR16_021$c20160608$lBLL01$h1728
=CFI  0\$aBritish Library not licensed to copy$c0$e07-sep-2011$hC$iTX$5Uk
=FIN  \\$aY
=LEO  \\$aMP8.0000911223
=SRC  \\$aDSC01$bbibmp8.200404.2.ab
=SRC  \\$aBLL02$bpart.2.aq
=TCO  \\$aTRS$bCCC$c008
=LAS  \\$aWR16_021$b00$c20160608$lBLL01$h1728

