=LDR  02444caa a2200625 u 4500
=001  006256960
=003  Uk
=005  20220907015944.0
=008  941107s1995\\\\paua\\\\\b\\\\001\0\eng\\
=FMT  \\$a  BK
=010  \\$a   94042996 
=015  \\$aGBA729756$2bnb
=016  7\$a006256960$2Uk
=019  a\$aG02378719
=020  \\$a0898713331 (cased) :$cNo price
=040  \\$aUk$cUk
=050  00$aQA379$b.V39 1995
=082  00$a515.35$220
=100  10$aVasilʹeva, A. B.$q(Adelaida Borisovna),$d1926-
=245  14$aThe boundary function method for singular perturbation problems /$cAdelaida B. Vasilʹeva, Valentin F. Butuzov, and Leonid V. Kalachev.
=260  \\$aPhiladelphia, Pa. :$bSociety for Industrial and Applied Mathematics,$cc1995.
=300  \\$axiii, 221 p. :$bill. ;$c27 cm.
=336  \\$atext$2rdacontent
=337  \\$aunmediated$2rdamedia
=338  \\$avolume$2rdacarrier
=490  0\$aSIAM studies in applied mathematics ;$vvol. 14
=504  \\$aIncludes bibliographical references (p. 209-217) and index.
=540  \\$aBritish Library not licensed to copy$c0$5Uk
=650  \0$aBoundary value problems$xNumerical solutions.
=650  \0$aSingular perturbations (Mathematics)
=700  1\$aButuzov, V. F.$q(Valentin Fedorovich).
=700  1\$aKalachev, Leonid V.
=830  \0$aSIAM studies in applied mathematics ;$v14.
=852  71$aBritish Library$bSTI$ivol.14$2blsrissc
=852  41$aBritish Library$bDSC$j8271.370200$ivol 14
=945  \\$aSIAM studies in applied mathematics ; vol 14
=CAT  \\$aCONV$b00$c20040502$lBLL01$h1133
=CAT  \\$aglobal_upd$b40$c20060416$lBLL01$h0007
=CAT  \\$a10883$b40$c20070420$lBLL01$h1447
=CAT  \\$aBATCH$b00$c20091206$lBLL01$h2318
=CAT  \\$aBATCH$b00$c20091224$lBLL01$h2213
=CAT  \\$aBATCH-CLA$b00$c20130630$lBLL01$h1622
=CAT  \\$aIPL-CLA$c20130630$lBLL01$h2301
=CAT  \\$aBATCH-CLA$b00$c20130929$lBLL01$h1611
=CAT  \\$aIPL-CLA$c20130930$lBLL01$h1702
=CAT  \\$aWR16_021$c20160608$lBLL01$h1728
=CAT  \\$aBATCH-UPD$b00$c20160608$lBLL01$h1953
=CAT  \\$aBATCH-UPD$b00$c20220906$lBLL01$h2038
=CAT  \\$aBATCH-CLA$b00$c20220907$lBLL01$h0159
=CFI  0\$aBritish Library not licensed to copy$c0$e01-jul-2014$hC$iCFP Excluded$5Uk
=FIN  \\$aY$d20070420
=LEO  \\$aMP8.0001099075
=SRC  \\$aDSC01$bbibmp8.200404.2.ab
=SRC  \\$aBLL02$bpart.2.ar
=LAS  \\$aBATCH-CLA$b00$c20220907$lBLL01$h0159

