=LDR  02227aaa a2200601 a 4500
=001  006511415
=003  Uk
=005  20070418123226.0
=008  981214s1999\\\\paua\\\\\b\\\\001\0\eng\\
=FMT  \\$a  BK
=010  \\$a98052374
=015  \\$aGBA729500$2bnb
=016  7\$a006511415$2Uk
=019  a\$aG05932005
=020  \\$a0898714117 :$cNo price
=035  \\$a(DLC) 98052374
=040  \\$aDLC$cDLC$dDLC$dUk
=042  \\$aukblcatcopy
=050  00$aQA402.3$b.H354 1999
=082  00$a629.8312$221
=100  10$aHassibi, Babak.
=245  10$aIndefinite-quadratic estimation and control :$ba unified approach to H² and H [infinity] theories /$cBabak Hassibi, Ali H. Sayed, Thomas Kailath.
=260  \\$aPhiladelphia, Pa. :$bSociety for Industrial and Applied Mathematics,$cc1999.
=300  \\$axvii, 555 p. :$bill. ;$c27 cm.
=336  \\$atext$2rdacontent
=337  \\$aunmediated$2rdamedia
=338  \\$avolume$2rdacarrier
=490  1\$aSIAM studies in applied and numerical mathematics ;$vvol. 16
=500  \\$aOn t.p. "[infinity]" appears as the infinity symbol.
=504  \\$aIncludes bibliographical references (p. 531-548) and index.
=540  \\$aBritish Library not licensed to copy$c0$5Uk
=650  \0$aH [infinity symbol] control.
=650  \0$aEstimation theory.
=700  1\$aSayed, Ali H.
=700  1\$aKailath, Thomas.
=830  \0$aSIAM studies in applied and numerical mathematics ;$vvol. 16.
=852  71$aBritish Library$bSTI$2blsrissc
=852  41$aBritish Library$bDSC$j8271.370180$ivol 16
=CAT  \\$aCONV$b00$c20040502$lBLL01$h1142
=CAT  \\$aglobal_upd$b40$c20060416$lBLL01$h0142
=CAT  \\$a9523$b40$c20070418$lBLL01$h1232
=CAT  \\$aBATCH$b00$c20091207$lBLL01$h0126
=CAT  \\$aBATCH$b00$c20091216$lBLL01$h2216
=CAT  \\$aBATCH-UPD$b00$c20140917$lBLL01$h1705
=CAT  \\$aBATCH-CLA$b00$c20140918$lBLL01$h0038
=CAT  \\$aWR16_021$c20160608$lBLL01$h1728
=CAT  \\$aBATCH-CLA$b00$c20160609$lBLL01$h0125
=CFI  0\$aBritish Library not licensed to copy$c0$e07-sep-2011$hC$iTX$5Uk
=FIN  \\$aY
=LEO  \\$aMP8.0001596958
=SID  \\$aZ39$bLOC
=SRC  \\$aDSC01$bbibmp8.200404.2.ac
=LAS  \\$aBATCH-CLA$b00$c20160609$lBLL01$h0125

