=LDR  02251aaa a2200625 a 4500
=001  006529312
=003  Uk
=005  20070418120746.0
=008  000425s2000\\\\paua\\\\\b\\\\001\0\eng\\
=FMT  \\$a  BK
=010  \\$a00032944
=015  \\$aGBA729491$2bnb
=016  7\$a006529312$2Uk
=019  a\$aG06025179
=020  \\$a0898714591 (cased) :$cNo price
=040  \\$aDLC$cDLC$dDLC$dUk
=042  \\$aukblcatcopy
=050  00$aTA418.84$b.B36 2000
=082  00$a620.1127$221
=100  1\$aBanks, H. T.$q(Harvey Thomas),$d1940-
=245  10$aElectromagnetic material interrogation using conductive interfaces and acoustic wavefronts /$cH.T. Banks, M.W. Buksas, T. Lin.
=260  \\$aPhiladelphia, Pa. :$bSociety for Industrial and Applied Mathematics,$cc2000.
=300  \\$axiii, 146 p. :$bill. ;$c27 cm.
=336  \\$atext$2rdacontent
=337  \\$aunmediated$2rdamedia
=338  \\$avolume$2rdacarrier
=490  1\$aFrontiers in applied mathematics ;$v21
=504  \\$aIncludes bibliographical references (p. 137-143) and index.
=540  \\$aBritish Library not licensed to copy$c0$5Uk
=650  \0$aAcoustic emission testing.
=650  \0$aElectromagnetic waves$xScattering.
=650  \0$aSurfaces (Physics)
=700  1\$aBuksas, M. W.
=700  1\$aLin, T.
=830  \0$aFrontiers in applied mathematics ;$v21.
=852  71$aBritish Library$bSTI$2blsrissc
=852  41$aBritish Library$bDSC$j4041.568000$i21
=CAT  \\$aCONV$b00$c20040502$lBLL01$h1143
=CAT  \\$aglobal_upd$b40$c20060416$lBLL01$h0149
=CAT  \\$a9523$b40$c20070418$lBLL01$h1152
=CAT  \\$a9523$b40$c20070418$lBLL01$h1158
=CAT  \\$a9523$b40$c20070418$lBLL01$h1207
=CAT  \\$aBATCH$b00$c20091207$lBLL01$h0134
=CAT  \\$aBATCH$b00$c20091216$lBLL01$h2216
=CAT  \\$aBATCH-CLA$b00$c20130602$lBLL01$h0137
=CAT  \\$a10743$b40$c20140106$lBLL01$h0946
=CAT  \\$aWR16_021$c20160608$lBLL01$h1729
=CAT  \\$aBATCH-UPD$b00$c20160608$lBLL01$h1955
=CFI  0\$aBritish Library not licensed to copy$c0$e07-sep-2011$hC$iTX$5Uk
=FIN  \\$aY
=LEO  \\$aMP8.0001634316
=SID  \\$aZ39$bLOC
=SRC  \\$aDSC01$bbibmp8.200404.2.ac
=TCO  \\$aTRS$bCCC$c008
=LAS  \\$aBATCH-UPD$b00$c20160608$lBLL01$h1955

