=LDR  02133 aa a2200589 u 4500
=001  006623054
=003  Uk
=005  20050209150236.0
=008  021028s2003\\\\enka\\\\\r\\\\001\0\eng\\
=FMT  \\$a  BK
=015  \\$aGBA512528$2bnb
=019  a\$aG07716997
=020  \\$a1903991277 (v. 1. : pbk.) :$c£20.95
=020  \\$a1903991315 (v. 2. : pbk.) :$cNo price
=040  \\$aStDuBDS$beng$cUk$dUk
=042  \\$aukblsr
=082  04$a361.763202541$222
=245  02$aA guide to the major trusts.
=250  \\$a2003/2004 ed., 6th ed.
=260  \\$aLondon :$bDirectory of Social Change,$c2003.
=300  \\$axxii, 389 p. :$bill. ;$c30 cm.
=336  \\$atext$2rdacontent
=337  \\$aunmediated$2rdamedia
=338  \\$avolume$2rdacarrier
=505  0\$av. 1. The top 300 trusts -- v. 2. 700 further trusts.
=504  \\$aIncludes bibliographical references and index.
=500  \\$aPrevious ed.: 2001.
=500  \\$aFormerly CIP.$5Uk
=540  \\$aCurrent Copyright Fee: GBP12.30$c0$5Uk
=650  \0$aCharitable bequests$zGreat Britain$vDirectories.
=650  \0$aTrusts and trustees$zGreat Britain$vDirectories.
=690  7\$aSocial Welfare$2blcoll
=710  2\$aDirectory of Social Change (Organization)
=852  41$aBritish Library$bHMNTS$ivol. 1
=852  41$aBritish Library$bHMNTS$jYD.2005.b.388$ivol. 2
=CAT  \\$aCONV$b00$c20040502$lBLL01$h1145
=CAT  \\$a7416$b40$c20041111$lBLL01$h1601
=CAT  \\$a10746$b40$c20050209$lBLL01$h1455
=CAT  \\$a10746$b40$c20050209$lBLL01$h1502
=CAT  \\$aglobal_upd$b40$c20060417$lBLL01$h0227
=CAT  \\$aBATCH$b00$c20091207$lBLL01$h0212
=CAT  \\$aBATCH$b00$c20110625$lBLL01$h0326
=CAT  \\$aBATCH-CLA$b00$c20131202$lBLL01$h0313
=CAT  \\$aIPL-CLA$c20131231$lBLL01$h1816
=CFI  0\$aCurrent Copyright Fee: GBP12.30$c0$e01-jan-2014$fGBP12.30$g0$hC$5Uk
=CFI  2\$aPrevious Copyright Fee: GBP12.00$c0$e01-oct-2012$fGBP12.00$g0$hC$5Uk
=FIN  \\$aY
=LEO  \\$aMP8.0001826831
=LEO  \\$aMP8.0001826832
=SRC  \\$aDSC01$bbibmp8.200404.2.ac
=TCO  \\$aCLA$bCLA$c008
=LAS  \\$aIPL-CLA$b00$c20131231$lBLL01$h1816

