=LDR  03657 am a2200745 u 4500
=001  006657898
=003  Uk
=005  20050719122344.0
=008  040129m20022005is\abc\\\b\\\\101\0\eng\\
=FMT  \\$a  BK
=015  \\$aGBA560288$2bnb
=019  a\$aG07964995
=020  \\$a965338063X (v. 1) :$cNo price
=020  \\$a9653380451 (v. 2) :$cNo price
=040  \\$aNYP$cNYP$dMBB$dDLC$dUk
=042  \\$aukblsr
=043  \\$aed-----$aa-tu---
=050  00$aDS135.T8
=082  04$a909.0492405609034$222
=100  1\$aRozen, Minna.
=CNF  \\$aJewish Communities in the Balkans and Turkey in the 19th and 20th Centuries through the End of World War II" (International conference)$d(1995 Jun :$cTel Aviv, Israel)
=245  14$aThe last Ottoman century and beyond :$bthe Jews in Turkey and the Balkans 1808-1945 /$cMinna Rozen.
=246  30$aJews in Turkey and the Balkans 1808-1945
=260  \\$a[Ramat-Aviv] :$bTel Aviv University, The Goldstein-Goren Diaspora Research Center, The Chair for the History and Culture of the Jews of Salonika and Greece,$c2002-2005.
=300  \\$a2 v. :$bill., 1 map, ports. ;$c23-25 cm.
=336  \\$atext$2rdacontent
=337  \\$aunmediated$2rdamedia
=338  \\$avolume$2rdacarrier
=490  1\$aPublications of the Goldstein-Goren Diaspora Research Center ;$vbook 148, 167
=490  1\$aPublications of the Chair for the History and Culture of the Jews of Salonika and Greece ;$vbook 5-6 (new series)
=500  \\$aVol. 2 has subtitle: Proceedings of the International Conference on "The Jewish Communities in the Balkans and Turkey in the 19th and 20th Centuries through the End of World War II," the Goldstein-Goren Diaspora Research Center, Tel Aviv University, June 5-8, 1995.
=500  \\$aVol. 1 published 2005; vol. 2 published 2002.
=504  \\$aIncludes bibliographical references and indexes.
=591  \\$aPapers.
=540  \\$aBritish Library not licensed to copy$c0$5Uk
=650  \0$aJews$zTurkey$xHistory.
=650  \0$aJews$zBalkan Peninsula$xHistory.
=650  \0$aSephardim$zTurkey$xHistory.
=650  \0$aSephardim$zBalkan Peninsula$xHistory.
=653  \\$aJewish communities
=653  \\$alast Ottoman century
=711  2\$aInternational Conference on "The Jewish Communities in the Balkans and Turkey in the 19th and 20th Centuries through the End of World War II"$d(1995 :$cTel Aviv, Israel)
=830  \0$aPirsume ha-Merkaz le-ḥeḳer ha-tefutsot ʿa. sh. Goldshṭain-Goren ;$vsefer 148, 167.
=830  \0$aPirsume ha-Ḳatedrah le-ḥeḳer ha-hisṭoryah ṿeha-tarbut shel Yehude Śaloniḳi ṿe-Yaṿan ;$vsidrah ḥadashah, sefer 5-6.
=886  2\$2blmarc$a010$b00$a2003546947
=852  41$aBritish Library$bDSC$j7068.600000$ibk. 167
=852  41$aBritish Library$bHMNTS$ivol. 1
=852  41$aBritish Library$bDSC$j7068.600000$i148 2002
=945  \\$aPublications- Goldstein Goren Diaspora Research Center ; 148
=966  \\$lSPACQ 26/01/2004
=CAT  \\$aCONV$b00$c20040502$lBLL01$h1146
=CAT  \\$a11250$b40$c20050719$lBLL01$h1217
=CAT  \\$a11250$b40$c20050719$lBLL01$h1221
=CAT  \\$a11250$b40$c20050719$lBLL01$h1223
=CAT  \\$aglobal_upd$b40$c20060417$lBLL01$h0240
=CAT  \\$aBATCH$b00$c20091207$lBLL01$h0227
=CAT  \\$aBATCH-UPD$b00$c20100531$lBLL01$h2327
=CAT  \\$aBATCH-UPD$b00$c20100703$lBLL01$h0551
=CAT  \\$aBATCH-CLA$b00$c20140810$lBLL01$h1418
=CFI  0\$aBritish Library not licensed to copy$c0$e07-sep-2011$hC$iTX$5Uk
=FIN  \\$aY
=LEO  \\$aMP8.0001898031
=LEO  \\$aMP8.0001906418
=SRC  \\$aDSC01$bbibmp8.200404.2.ac
=LAS  \\$aBATCH-CLA$b00$c20140810$lBLL01$h1418

