=LDR  01717 am a2200421ua 4500
=001  006672538
=003  Uk
=005  20200417175939.0
=008  890530||||||||||||\\\\||\\\\||||\||eng\\
=FMT  \\$a  BK
=019  1\$aa7200837
=040  \\$aUk$cUk
=082  04$a025.49711$219
=100  10$aBaulkwill, W. J.$q(William John),$d1919-
=245  10$aAbridged thesaurus of land resource terms /$cW.J. Baulkwill and N.W. Posnett in consultation with the scientific staff of the Land Resources Division.
=260  \\$aTolworth, Surrey :$bLand Resources Division, Directorate of Overseas Surveys,$c1971.
=300  \\$a3 v (in 5pts) ;$c30cm.
=336  \\$atext$2rdacontent
=337  \\$aunmediated$2rdamedia
=338  \\$avolume$2rdacarrier
=505  0\$aContents: v.1. Introduction and hierarchical display. _ v.2. Categorised alphabetical lists. _ v.3. Alphabetical list.
=700  1\$aPosnett, N. W.
=710  1\$aGreat Britain.$bLand Resources Division.
=886  2\$2ukmarc$a910$b20$aDirectorate of Overseas Surveys$xSee$aGreat Britain.$xDirectorate of Overseas Surveys$z710
=852  11$aBritish Library$bDSC$cQ$h333
=852  11$aBritish Library$bDSC$cQ$h029.9333
=852  41$aBritish Library$bHMNTS$j2719.x.7380
=985  \\$aUpgraded by BSS-generated file for WR1910-0531
=CAT  \\$aCONV$b00$c20040502$lBLL01$h1149
=CAT  \\$aUE-01$b00$c20050209$lBLL01$h2156
=CAT  \\$aBATCH$b00$c20091118$lBLL01$h0056
=CAT  \\$a9572$b40$c20100104$lBLL01$h1451
=CAT  \\$aW1910-0531$b00$c20200417$lBLL01$h1759
=CAT  \\$aBATCH-UPD$b00$c20200417$lBLL01$h1910
=FIN  \\$aY
=LEO  \\$aMP13.0000010410
=SRC  \\$aHSS01$bbibmp13.200404.2.aa
=LAS  \\$aBATCH-UPD$b00$c20200417$lBLL01$h1910

