=LDR  02950 am a2200745 a 4500
=001  006673967
=003  Uk
=005  20110912120649.0
=008  991021m20009999lauac\\\\b\\\\001\0\eng\\
=FMT  \\$a  BK
=010  \\$a99056099
=019  1\$abld00C9716
=020  \\$a0807125369
=020  \\$a0807125369 (v. 1)
=020  \\$a0807126578 (v. 2)
=020  \\$a0807130850 (v. 3)
=020  \\$a9780807133002 (v. 4)
=020  \\$a9780807138274 (v. 5)
=040  \\$aDLC$cDLC$dUk
=042  \\$aukblsr
=043  \\$an-usu--$an-us---
=050  00$aPS3545.A748$bZ48 2000
=082  00$a813.52$222
=100  1\$aWarren, Robert Penn,$d1905-1989.
=240  10$aCorrespondence.$kSelections
=245  10$aSelected letters of Robert Penn Warren /$cedited, with an introduction, by William Bedford Clark.
=260  \\$aBaton Rouge :$bLouisiana State University Press,$cc2000-
=300  \\$av. :$bill., ports. ;$c24 cm.
=336  \\$atext$2rdacontent
=337  \\$aunmediated$2rdamedia
=338  \\$avolume$2rdacarrier
=490  1\$aSouthern literary studies
=500  \\$aVol. 3-5: edited by Randy Hendricks and James A. Perkins ; with an introduction by William Bedford Clark.
=504  \\$aIncludes bibliographical references and indexes.
=505  1\$av. 1. The apprentice years, 1924-1934 -- v. 2. The "Southern review" years, 1935-1942 -- v. 3 Triumph and transition, 1943-1952 -- v. 4. New beginnings and new directions, 1953-1968 -- v. 5. Backward glances and new visions, 1969-1979.
=600  10$aWarren, Robert Penn,$d1905-1989$vCorrespondence.
=650  \0$aAuthors, American$xHomes and haunts$zSouthern States.
=650  \0$aAuthors, American$y20th century$vCorrespondence.
=651  \0$aSouthern States$xIntellectual life$y1865-
=650  \0$aEnglish teachers$zUnited States$vCorrespondence.
=650  \0$aCritics$zUnited States$vCorrespondence.
=700  1\$aClark, William Bedford.
=700  1\$aHendricks, Randy,$d1956-
=700  1\$aPerkins, James A.,$d1941-
=830  \0$aSouthern literary studies.
=852  41$aBritish Library$bHMNTS$jYD.2011.a.5865$ivol. 5
=852  41$aBritish Library$bHMNTS$jYD.2008.a.5788$ivol. 4
=852  41$aBritish Library$bHMNTS$ivol. 3$3Missing
=852  41$aBritish Library$bHMNTS$jYA.2000.a.13208$ivol. 1
=852  41$aBritish Library$bHMNTS$jYA.2001.a.22533$ivol. 2
=957  \\$a000515p
=CAT  \\$aCONV$b00$c20040502$lBLL01$h1149
=CAT  \\$a10746$b40$c20060515$lBLL01$h1058
=CAT  \\$a5194$b40$c20070511$lBLL01$h1535
=CAT  \\$a11250$b40$c20080702$lBLL01$h1447
=CAT  \\$a11250$b40$c20080702$lBLL01$h1457
=CAT  \\$aBATCH$b00$c20091216$lBLL01$h2217
=CAT  \\$a11250$b40$c20110912$lBLL01$h1205
=CAT  \\$a11250$b40$c20110912$lBLL01$h1206
=FIN  \\$aY
=LEO  \\$aMP13.0000046306
=LEO  \\$aMP13.0000074040
=SID  \\$aZ39$bLOC
=SRC  \\$aHSS01$bbibmp13.200404.2.aa
=LAS  \\$a11250$b40$c20110912$lBLL01$h1206

