=LDR  02551aam a2200637 a 4500
=001  006674363
=003  Uk
=005  20170926134023.0
=008  001013m20002016be\ab\\\\b\\\|001\0\eng\\
=FMT  \\$a  BK
=019  1\$abld00D9130
=020  \\$a9782960083422 (set)
=040  \\$aUk$cUk
=041  0\$aeng$agrc$alat
=100  1\$aBagnall, Roger S.
=245  10$aDocuments from Berenike /$cRoger S. Bagnall, Christina Helms, Arthur M.F.W. Verhoogt.
=260  \\$aBruxelles :$bFondation égyptologique reine Élisabeth,$cc2000-2016.
=300  \\$a3 v. :$bill., maps ;$c24-25 cm.
=336  \\$atext$2rdacontent
=337  \\$aunmediated$2rdamedia
=338  \\$avolume$2rdacarrier
=490  0\$aPapyrologica bruxellensia ;$v31, 33, 36
=500  \\$aVol. III authored by: Rodney Ast & Roger S. Bagnall.
=500  \\$aVol. III published by: Association Égyptologique Reine Élisabeth.
=504  \\$aIncludes bibliographical references and index.
=505  0\$av. I. Greek ostraka from the 1996-1998 seasons -- v. II. Texts from the 1999-2001 seasons -- v. III. Greek and Latin texts from the 2009-2013 seasons.
=546  \\$aText in English with Greek and Latin.
=650  \0$aOstraka.
=650  \0$aInscriptions, Greek$zEgypt.
=650  \0$aInscriptions, Latin$zEgypt.
=651  \0$aBarānīs (Egypt)$xAntiquities.
=651  \0$aEgypt$xHistory$y30 B.C.-640 A.D.$vSources.
=700  1\$aHelms, Christina.
=700  1\$aVerhoogt, A. M. F. W.$q(Arthur M. F. W.).
=700  1\$aAst, Rodney.
=710  2\$aFondation égyptologique reine Élisabeth.
=710  2\$aAssociation égyptologique Reine Élisabeth.
=886  2\$2ukmarc$a900$b10$aVerhoogt$hArthur M. F. W.$xSee$aVerhoogt, A. M. F. W. (Arthur M.F.W.)$z700/1
=852  41$aBritish Library$bHMNTS$jX.0900/143(36)$i36
=852  41$aBritish Library$bHMNTS$i33
=852  41$aBritish Library$bHMNTS$jX.0900/143(31)
=957  \\$a000914p
=CAT  \\$aCONV$b00$c20040502$lBLL01$h1149
=CAT  \\$a11250$b40$c20060424$lBLL01$h0908
=CAT  \\$a11250$b40$c20060424$lBLL01$h0911
=CAT  \\$aBATCH-UPD$b40$c20071021$lBLL01$h1850
=CAT  \\$aBATCH$b00$c20091207$lBLL01$h0232
=CAT  \\$aBATCH$b00$c20091216$lBLL01$h2218
=CAT  \\$aBATCH-UPD$b00$c20101212$lBLL01$h2342
=CAT  \\$aBATCH-UPD$b00$c20121210$lBLL01$h2112
=CAT  \\$a6989$b40$c20170926$lBLL01$h0816
=CAT  \\$a6989$b40$c20170926$lBLL01$h1340
=FIN  \\$aY
=LEO  \\$aMP13.0000055052
=SRC  \\$aHSS01$bbibmp13.200404.2.aa
=LAS  \\$a6989$b40$c20170926$lBLL01$h1340

