=LDR  01837 am a2200505 a 4500
=001  006676325
=003  Uk
=005  20080221104041.0
=008  020605m19999999ne\\\\\\\bd\\\000\0\eng\\
=FMT  \\$a  BK
=019  1\$abld00I6410
=020  \\$a9004115390 (set)
=020  \\$a9004115382 (v. 1)
=020  \\$a9004121218 (v. 2)
=020  \\$a9789004164123 (v. 3)
=040  \\$aDLC$cDLC$dUk
=042  \\$aukblsr
=082  04$a493.1203$222
=100  1\$aTakács, Gábor.
=245  10$aEtymological dictionary of Egyptian /$cby Gábor Takács.
=260  \\$aLeiden :$bBrill,$c1999-
=300  \\$av. ;$c25 cm.
=336  \\$atext$2rdacontent
=337  \\$aunmediated$2rdamedia
=338  \\$avolume$2rdacarrier
=490  1\$aHandbuch der Orientalistik =$aHandbook of oriental studies. Erste Abteilung. Der Nahe und Mittlere Osten. The Near and Middle East,$x0169-9423 ;$vv. 48
=500  \\$aVol. 1 includes addenda slip as insert.
=504  \\$aIncludes bibliographical references.
=505  1\$av. 1. A phonological introduction -- v. 2. b-, p-, f- -- v. 3. m-
=650  \0$aEgyptian language$xEtymology$vDictionaries.
=830  \0$aHandbuch der Orientalistik.$nErste Abteilung,$pNahe und der Mittlere Osten ;$vv. 48.
=852  41$aBritish Library$bDSC$ivol. 48, pt. 3
=852  41$aBritish Library$bHMNTS$jWP.B.42a/48
=957  \\$a991210p
=CAT  \\$aCONV$b00$c20040502$lBLL01$h1149
=CAT  \\$a6098$b40$c20080220$lBLL01$h1245
=CAT  \\$a11250$b40$c20080221$lBLL01$h0945
=CAT  \\$a11250$b40$c20080221$lBLL01$h1033
=CAT  \\$a11250$b40$c20080221$lBLL01$h1040
=CAT  \\$aBATCH$b00$c20091207$lBLL01$h0233
=CAT  \\$aBATCH-UPD$b00$c20180330$lBLL01$h2038
=FIN  \\$aY
=LEO  \\$aMP13.0000098833
=SRC  \\$aHSS01$bbibmp13.200404.2.aa
=LAS  \\$aBATCH-UPD$b00$c20180330$lBLL01$h2038

