=LDR  02587 am a22006137a 4500
=001  006677342
=003  Uk
=005  20060425095317.0
=008  030415s2002\\\\sw\ab\\\\b\\\\001\0\eng\\
=FMT  \\$a  BK
=019  1\$abld00L1130
=020  \\$a9155453570 (pt. 1 : pbk.)
=020  \\$a9155453589 (pt. 2 : pbk.)
=040  \\$aUk$cUk$dUk
=041  0\$aeng$btam
=245  00$aBuddhism among Tamils in pre-colonial Tamiḻakam and Īḻam /$ceditor in chief, Peter Schalk ; co-editor, Āḷvāppiḷḷai Vēluppiḷḷai.
=260  \\$aUppsala :$bUppsala Universitet,$c2002.
=300  \\$a2 v. :$bill., 1 map ;$c25 cm.
=336  \\$atext$2rdacontent
=337  \\$aunmediated$2rdamedia
=338  \\$avolume$2rdacarrier
=490  1\$aActa universitatis Upsaliensis. Historia Religionum,$x0439-2132 ;$v19, 20
=500  \\$a"Published with the support of the Swedish Research Council"_t.p. verso.
=504  \\$aIncludes bibliographical references and index.
=505  0\$apt. 1. Prologue, the Pre-Pallava and the Pallava period / Irāmaccantiraṉ Nākacāmi ... [et al.] -- pt. 2. The period of the Imperial Cōḻar. Tamiḻakam and Īḻam /Irāmaccantiraṉ Nākacāmi.
=546  \\$aIncludes sections in Tamil.
=540  \\$aBritish Library not licensed to copy$c0$5Uk
=650  \0$aTamil (Indic people)$xReligion.
=650  \0$aBuddhism$zIndia$zTamil Nadu$xHistory.
=650  \0$aBuddhism$zSri Lanka$xHistory.
=651  \0$aTamil Nadu (India)$xReligious life and customs.
=651  \0$aTamil Nadu (India)$xHistory.
=651  \0$aSri Lanka$xReligious life and customs.
=651  \0$aSri Lanka$xHistory.
=700  1\$aSchalk, Peter.
=700  1\$aVeluppillai, A.,$d1936-
=710  2\$aUppsala universitet.
=710  1\$aSweden.$bVetenskapsrådet.
=830  \0$aActa universitatis Upsaliensis.$pHistoria Religionum,$x0439-2132 ;$v19, 20
=852  41$aBritish Library$bDSC$j0586.525500$ino. 19
=852  41$aBritish Library$bDSC$ipt. 2
=852  41$aBritish Library$bHMNTS$jAc.1075/6(7)[19,20]
=957  \\$a020601d
=CAT  \\$aCONV$b00$c20040502$lBLL01$h1149
=CAT  \\$a10775$b40$c20060421$lBLL01$h1043
=CAT  \\$a10746$b40$c20060425$lBLL01$h0953
=CAT  \\$aBATCH$b00$c20091216$lBLL01$h2219
=CAT  \\$aBATCH-UPD$b00$c20100827$lBLL01$h2040
=CAT  \\$aBATCH-CLA$b00$c20140810$lBLL01$h1443
=CFI  0\$aBritish Library not licensed to copy$c0$e01-jan-2013$hC$iCFP Excluded$5Uk
=FIN  \\$aY
=LEO  \\$aMP13.0000121798
=SRC  \\$aHSS01$bbibmp13.200404.2.aa
=LAS  \\$aBATCH-CLA$b00$c20140810$lBLL01$h1443

