=LDR  02273 am a22005177a 4500
=001  006677453
=003  Uk
=005  20050330111452.0
=008  030620m20032004it\a\\\\\b\\\\100\0\ita\\
=FMT  \\$a  BK
=019  1\$abld00L5607
=020  \\$a8822252152 (t. 1 : pbk.)
=020  \\$a8822254007 (t. 2 : pbk.)
=040  \\$aUk$beng$cUk
=245  00$aAspetti di letteratura gnomica nel mondo antico /$ca cura di Maria Serena Funghi.
=260  \\$aFirenze :$bOlschki,$c2003-2004.
=300  \\$a2 v. :$bill. ;$c24 cm.
=336  \\$atext$2rdacontent
=337  \\$aunmediated$2rdamedia
=338  \\$avolume$2rdacarrier
=490  1\$aStudi / Accademia toscana di scienze e lettere "La Colombaria",$x0065-0781 ;$v218, 225
=500  \\$aPapers from conferences held in Pisa, 9-11 May 2002 and 5-7 June 2003.
=504  \\$aIncludes bibliographical references.
=600  00$aMenander,$cof Athens.$tMenandrou gnōmai$vCongresses.
=650  \0$aGnomic poetry, Greek$xHistory and criticism$vCongresses.
=650  \0$aGreek literature$xHistory and criticism$vCongresses.
=700  1\$aFunghi, M. Serena$q(Maria Serena).
=710  2\$aAccademia toscana di scienze e lettere La Colombaria.
=830  \0$aStudi (Accademia toscana di scienze e lettere La Colombaria) ;$v218, 225.
=886  2\$2ukmarc$a900$b00$aMenandros$fof Athens$xSee$aMenander,$xof Athens$z600
=886  2\$2ukmarc$a900$b10$aAthens$hMenander of$xSee$aMenander,$xof Athens$z600
=886  2\$2ukmarc$a900$b00$aMenandro$fof Athens$xSee$aMenander,$xof Athens$z600
=886  2\$2ukmarc$a900$b00$aMénandre$fof Athens$xSee$aMenander,$xof Athens$z600
=886  2\$2ukmarc$a900$b00$aMenandorosu$fof Athens$xSee$aMenander,$xof Athens$z600
=886  2\$2ukmarc$a900$b10$aFunghi$hMaria Serena$xSee$aFunghi, M. Serena (Maria Serena)$z700
=852  41$aBritish Library$bHMNTS$ivol. 225
=852  41$aBritish Library$bHMNTS$jAc.82/2[Vol.218]
=957  \\$a030601p
=CAT  \\$aCONV$b00$c20040502$lBLL01$h1149
=CAT  \\$a5521$b40$c20050330$lBLL01$h1114
=CAT  \\$aBATCH$b00$c20091207$lBLL01$h0233
=CAT  \\$aBATCH-UPD$b00$c20200216$lBLL01$h2118
=FIN  \\$aY$d20050330
=LEO  \\$aMP13.0000125876
=SRC  \\$aHSS01$bbibmp13.200404.2.aa
=LAS  \\$aBATCH-UPD$b00$c20200216$lBLL01$h2118

