=LDR  02261 am a2200517 i 4500
=001  006678255
=003  Uk
=005  20190508134655.0
=008  040226m20022018sw\ab\\||b\\\\001\||eng\\
=FMT  \\$a  BK
=019  1\$abld00N2202
=020  \\$a9789170421853$qset
=020  \\$a9170421587$qset
=040  \\$aUk$beng$cUk$erda
=245  00$aCarthage :$bresults of the Swedish excavations 1979-1983, directed by Birgitta Sander and Carl-Gustaf Styrenius for the Museum of Mediterranean and Near Eastern Antiquities (Medelhavsmuseet) in Stockholm.
=260  \\$aStockholm :$bSvenska Institutet in Rom,$c2002-2018.
=300  \\$a2 volumes :$billustrations (black and white, and colour), maps (black and white) ;$c30 cm.
=336  \\$atext$2rdacontent
=337  \\$aunmediated$2rdamedia
=338  \\$avolume$2rdacarrier
=490  0\$aSkrifter utgivna av Svenska Institutet i Rom 4⁰,$x0081-993X ;$v54:2
=490  0\$aActa Instituti Romani Regni Sueciae in 4⁰ ;$v54:2
=588  \\$aDescription based on: volume 2.
=504  \\$aIncludes bibliographical references and indexes.
=505  0\$aContents: v. 1. A Roman bath in Carthage / by Cathrine Gerner Hansen -- v. 2. "Pour sauver Carthage" / by John Lund, Rita Larje, Harald Nilsson ; with foreword by Kristian Göransson & epilogue by Birgitta Sander.
=650  \0$aExcavations (Archaeology)$zTunisia$zCarthage (Extinct city)
=651  \0$aCarthage (Extinct city)
=700  1\$aSander, Birgitta.
=700  1\$aStyrenius, Carl-Gustaf.
=700  1\$aHansen, Cathrine Gerner,$eauthor.
=700  1\$aLund, John,$d1951-$eauthor.
=700  1\$aLarje, Rita,$d1936-$eauthor.
=700  1\$aNilsson, Harald,$d1929-$eauthor.
=710  2\$aSvenska institutet i Rom,$epublisher.
=710  2\$aMedelhavsmuseet (Stockholm, Sweden)
=852  41$aBritish Library$bHMNTS$jAc.5234.b(Vol.54/1)
=852  41$aBritish Library$bDSC$iv. 2
=852  41$aBritish Library$bHMNTS$jAc.5234.b(Vol.54/2)
=957  \\$a020801p
=CAT  \\$aCONV$b00$c20040502$lBLL01$h1149
=CAT  \\$aBATCH$b00$c20091118$lBLL01$h0101
=CAT  \\$a11070$b40$c20190508$lBLL01$h1346
=FIN  \\$aY$d20190508
=LEO  \\$aMP13.0000141200
=SRC  \\$aHSS01$bbibmp13.200404.2.aa
=LAS  \\$a11070$b40$c20190508$lBLL01$h1346

