=LDR  04393 am a2200829ua 4500
=001  006678268
=003  Uk
=005  20130307120559.0
=008  040219m20022013ne\\\\\||\\\\|0|1\||lat\\
=FMT  \\$a  BK
=016  7\$a006678268$2Uk
=019  1\$abld00N2441
=020  \\$a9004125639 (v. 1)
=020  \\$a9004131892 (v. 2)
=020  \\$a9789004233782 (v. 3 : set) :$cNo price
=020  \\$a9004233784 (v. 3 : set) :$cNo price
=040  \\$aDLC$cDLC$dUk
=041  0\$alat$beng
=245  00$aRotuli Parisienses :$bsupplications to the Pope from the University of Paris /$cedited by William J. Courtenay.
=260  \\$aLeiden :$bBrill,$c2002-2013.
=300  \\$a3 v. in 4 ;$c25 cm.
=336  \\$atext$2rdacontent
=337  \\$aunmediated$2rdamedia
=338  \\$avolume$2rdacarrier
=490  1\$aEducation and society in the Middle Ages and Renaissance,$x0926-6070 ;$vv. 14, 15, 44
=504  \\$aIncludes bibliographical references and indexes.
=505  0\$av. 1. 1316-1349 -- v. 2. 1352-1378 -- v. 3, pt. 1 and 2. 1378-1394 / edited by William J. Courtenay, Eric D. Goddard..
=546  \\$aText in Latin with commentary in English.
=610  24$aUniversité de Paris$xHistory$vSources.
=610  24$aUniversité de Paris$xFaculty$xHistory$vSources.
=650  \0$aBenefices, Ecclesiastical$zFrance$zParis.
=700  1\$aCourtenay, William J.
=700  1\$aGoddard, Eric D.
=710  2\$aCatholic Church.$bPope.
=710  2\$aUniversité de Paris.
=886  2\$2ukmarc$a910$b20$aUniversity of Paris$xSee$aUniversité de Paris$z610
=886  2\$2ukmarc$a910$b20$aSorbonne$eUniversity$xSee$aUniversité de Paris$z610
=886  2\$2ukmarc$a910$b20$aUniversité Paris-Nord$xSee also$aUniversité de Paris$z610
=886  2\$2ukmarc$a910$b20$aAcadémie de Paris$xSee also$aUniversité de Paris$z610
=886  2\$2ukmarc$a910$b20$aUniversité de droit, d'économie et de sciences sociales de Paris$xSee also$aUniversité de Paris$z610
=886  2\$2ukmarc$a910$b20$aUniversité Paris-Val-de-Marne$xSee also$aUniversité de Paris$z610
=886  2\$2ukmarc$a910$b20$aUniversité de Paris X: Nanterre$xSee also$aUniversité de Paris$z610
=886  2\$2ukmarc$a910$b20$aUniversity of Paris$xSee$aUniversité de Paris$z610/1
=886  2\$2ukmarc$a910$b20$aSorbonne$eUniversity$xSee$aUniversité de Paris$z610/1
=886  2\$2ukmarc$a910$b20$aUniversité Paris-Nord$xSee also$aUniversité de Paris$z610/1
=886  2\$2ukmarc$a910$b20$aAcadémie de Paris$xSee also$aUniversité de Paris$z610/1
=886  2\$2ukmarc$a910$b20$aUniversité de droit, d'économie et de sciences sociales de Paris$xSee also$aUniversité de Paris$z610/1
=886  2\$2ukmarc$a910$b20$aUniversité Paris-Val-de-Marne$xSee also$aUniversité de Paris$z610/1
=886  2\$2ukmarc$a910$b20$aUniversité de Paris X: Nanterre$xSee also$aUniversité de Paris$z610/1
=886  2\$2ukmarc$a910$b20$aUniversity of Paris$xSee$aUniversité de Paris$z710/1
=886  2\$2ukmarc$a910$b20$aSorbonne$eUniversity$xSee$aUniversité de Paris$z710/1
=886  2\$2ukmarc$a910$b20$aUniversité Paris-Nord$xSee also$aUniversité de Paris$z710/1
=886  2\$2ukmarc$a910$b20$aAcadémie de Paris$xSee also$aUniversité de Paris$z710/1
=886  2\$2ukmarc$a910$b20$aUniversité de droit, d'économie et de sciences sociales de Paris$xSee also$aUniversité de Paris$z710/1
=886  2\$2ukmarc$a910$b20$aUniversité Paris-Val-de-Marne$xSee also$aUniversité de Paris$z710/1
=886  2\$2ukmarc$a910$b20$aUniversité de Paris X: Nanterre$xSee also$aUniversité de Paris$z710/1
=830  \0$aEducation and society in the Middle Ages and Renaissance,$x0926-6070 ;$vv. 14, 15
=852  41$aBritish Library$bHMNTS$jZA.9.a.5125(15)
=852  41$aBritish Library$bHMNTS$iZA.9.a.5125(44/1)
=852  41$aBritish Library$bHMNTS$iZA.9.a.5125(44/2)
=852  41$aBritish Library$bHMNTS$jZA.9.a.5125(14)
=957  \\$a020901p
=CAT  \\$aCONV$b00$c20040502$lBLL01$h1149
=CAT  \\$aBATCH$b00$c20091118$lBLL01$h0101
=CAT  \\$aBATCH$b00$c20091216$lBLL01$h2219
=CAT  \\$a11250$b40$c20130307$lBLL01$h1149
=CAT  \\$a11250$b40$c20130307$lBLL01$h1205
=CAT  \\$aWR16_021$c20160608$lBLL01$h1729
=FIN  \\$aY
=LEO  \\$aMP13.0000141400
=SRC  \\$aHSS01$bbibmp13.200404.2.aa
=LAS  \\$aWR16_021$b00$c20160608$lBLL01$h1729

