=LDR  02308 am a2200625ui 4500
=001  006679681
=003  Uk
=005  20190409134816.0
=008  980107s1996\\\\ii\\\\\||d\\\\000\||eng\\
=FMT  \\$a  BK
=019  2\$abld0069309
=040  \\$aUk$beng$cUk$erda
=041  0\$aeng$apra
=042  \\$aukblsr
=245  02$aA comprehensive and critical dictionary of the Prakrit languages, with special reference to Jain literature /$cgeneral editor, A.M. Ghatage.
=264  \1$aPoona, India :$bBhandarkar Oriental Research Institute,$c1996-
=300  \\$avolumes ;$c30 cm
=336  \\$atext$2rdacontent
=337  \\$aunmediated$2rdamedia
=338  \\$avolume$2rdacarrier
=500  \\$aPages 1-248 reprinted from the text previously issued as v.1, fasc.1-2 (1993-1995).
=500  \\$aVol. 3, fasc. 3 onwards: general editor, R.P. Poddar.
=546  \\$aEnglish and Prakrit; introductory matter in English.
=650  \0$aJaina literature, Prakrit$vDictionaries.
=650  \0$aPrakrit languages$vDictionaries$xEnglish.
=700  1\$aGhatage, A. M.$q(Amrit Madhav),$d1913-2003.
=700  1\$aPoddar, Ram Prakash,$d1935-
=710  2\$aBhandarkar Oriental Research Institute.
=852  41$aBritish Library$bOC$ivol. 3, fasc. 2
=852  41$aBritish Library$bOC$jORW.1995.a.860
=852  41$aBritish Library$bOC$jORW.1997.a.1857
=957  \\$r21/07/1997
=957  \\$a970801p
=957  \\$a950215p
=AQN  \\$aE40
=AQN  \\$aE40 fasc rec'd from D K 15.2 96
=CAT  \\$aCONV$b00$c20040502$lBLL01$h1149
=CAT  \\$a4039$b40$c20050722$lBLL01$h1126
=CAT  \\$a4039$b40$c20050722$lBLL01$h1202
=CAT  \\$a4039$b40$c20050722$lBLL01$h1229
=CAT  \\$a4039$b40$c20050722$lBLL01$h1231
=CAT  \\$a5194$b40$c20061004$lBLL01$h1131
=CAT  \\$a1722$b40$c20070509$lBLL01$h1031
=CAT  \\$aBATCH$b00$c20091118$lBLL01$h0102
=CAT  \\$a11070$b40$c20101102$lBLL01$h1409
=CAT  \\$a12887$b40$c20190409$lBLL01$h1344
=CAT  \\$a12887$b40$c20190409$lBLL01$h1346
=CAT  \\$a12887$b40$c20190409$lBLL01$h1347
=CAT  \\$a12887$b40$c20190409$lBLL01$h1348
=FIN  \\$aY
=LEO  \\$aMP13.0000195944
=LEO  \\$aMP13.0000503710
=SRC  \\$aMOP02$bbibm2.200404.2.aa
=SRC  \\$aHSS01$bbibmp13.200404.2.aa
=LAS  \\$a12887$b40$c20190409$lBLL01$h1348

