=LDR  03129aam a2200745 a 4500
=001  006679778
=003  Uk
=005  20160407130832.0
=008  980209m19979999fr\a\\\\\b\\\|0|1\0afre\\
=FMT  \\$a  BK
=019  1\$abld0071657
=019  1\$abld00K7031
=020  \\$a2204057444 (t. 1 : pbk.)
=020  \\$a2204066745 (t. 2 : pbk.)
=020  \\$a9782204099844 (t. 3 : paperback)
=020  \\$a2204099848 (t. 3 : paperback)
=040  \\$aUk$beng$cUk
=041  0\$afre$alat$hlat
=042  \\$aukblsr
=100  0\$aBernard,$cof Clairvaux, Saint,$d1090 or 1091-1153.
=240  10$aCorrespondence.$kSelections
=245  10$aLettres /$cBernard de Clairvaux ; texte latin des S. Bernardo Opera par J. Leclercq, H. Rochais et Ch. H. Talbot ; introduction et notes par Monique Duchet-Suchaux ; traduction par Henri Rochais.
=260  \\$aParis :$bCERF,$c1997-
=300  \\$avolumes :$bill. ;$c20 cm.
=336  \\$atext$2rdacontent
=337  \\$aunmediated$2rdamedia
=338  \\$avolume$2rdacarrier
=490  1\$aSources chrétiennes,$x0750-1978 ;$vno. 425, 458, 556
=490  0\$aŒuvres complètes / Bernard de Clairvaux ;$v2, 3, IV
=546  \\$aIntroduction and other text in French, with Latin and French parallel translation.
=500  \\$aPublished in collaboration with the Centre national du livre.
=500  \\$aVolume 2 published in collaboration with the Centre national du livre and the Fondation Singer-Polignac.
=504  \\$aIncludes bibliographical references and indexes.
=505  1\$at. 1. Lettres 1-40 -- t. 2. Lettres 42-91 -- t. 3. Lettres 92-163 / introduction, traduction et notes par Monique et Gaston Duchet-Suchaux.
=600  00$aBernard,$cof Clairvaux, Saint,$d1090 or 1091-1153$vCorrespondence.
=650  \0$aChristian saints$zFrance$vCorrespondence.
=650  \0$aSpiritual life$xCatholic Church.
=700  1\$aLeclercq, Jean,$d1911-1993.
=700  1\$aRochais, Henri.
=700  1\$aTalbot, C. H.$q(Charles Hugh),$d1906-
=700  1\$aDuchet-Suchaux, Monique,$eeditor,$etranslator.
=700  1\$aDuchet-Suchaux, Gaston,$eeditor,$etranslator.
=710  2\$aCentre national du livre (France)
=710  2\$aFondation Singer-Polignac.
=830  \0$aSources chrétiennes,$x0750-1978 ;$vno. 425, 458, 556.
=852  41$aBritish Library$bHMNTS$iWP.a.481/556
=852  41$aBritish Library$bHMNTS$jWP.a.481/458
=852  41$aBritish Library$bHMNTS$jWP.a.481/425
=957  \\$a980104p
=957  \\$a011101p
=985  \\$aRecord amended for WR# 13/070
=CAT  \\$aCONV$b00$c20040502$lBLL01$h1149
=CAT  \\$a7416$b40$c20060615$lBLL01$h1143
=CAT  \\$a11249$b40$c20070112$lBLL01$h1332
=CAT  \\$a8874$b40$c20070730$lBLL01$h1027
=CAT  \\$aBATCH-UPD$b40$c20080302$lBLL01$h1817
=CAT  \\$aBATCH$b00$c20091118$lBLL01$h0102
=CAT  \\$aBATCH$b00$c20091216$lBLL01$h2220
=CAT  \\$aWR13_070$b00$c20130504$lBLL01$h0141
=CAT  \\$a11069$b40$c20160407$lBLL01$h1308
=FIN  \\$aY
=LEO  \\$aMP13.0000198078
=LEO  \\$aMP13.0000117985
=SRC  \\$aHSS01$bbibmp13.200404.2.aa
=LAS  \\$a11069$b40$c20160407$lBLL01$h1308

