=LDR  05982cam a2201345 a 4500
=001  006679823
=003  Uk
=005  20221231181325.0
=008  980225m19972010ne\\\\\\\b\\\\001\0\eng\\
=FMT  \\$a  BK
=010  \\$a97224014
=015  \\$aGBA944011$2bnb
=016  7\$a006679823$2Uk
=019  2\$abld0072714
=019  y\$abA2U7087
=019  9\$a9004126430
=019  2\$a9004126430
=020  \\$a9004109773 (v. 1) :$cNo price
=020  \\$a9004116834 (v. 2) :$cNo price
=020  \\$a9789004121683 (v. 3)
=020  \\$a9004121684 (v. 3) :$cNo price
=020  \\$a9004126430 (v. 4) :$cNo price
=020  \\$a9004131302 (v. 5) :$cNo price
=020  \\$a900414076X (v. 6) :$cNo price
=020  \\$a9004148094 (v. 7) :$cNo price
=020  \\$a9789004152830 (v. 8) :$cNo price
=020  \\$a9004152830 (v. 8) :$cNo price
=020  \\$a9789004154933 (v. 9) :$cNo price
=020  \\$a9004154930 (v. 9) :$cNo price
=020  \\$a9789004157620 (v. 10) :$cNo price
=020  \\$a900415762X (v. 10) :$cNo price
=020  \\$a9789004157637 (v. 11) :$cNo price
=020  \\$a9004157638 (v. 11) :$cNo price
=020  \\$a9789004163874 (v. 12) :$cNo price
=020  \\$a9004163875 (v. 12) :$cNo price
=020  \\$a9789004167599 (v. 13) :$cNo price
=020  \\$a9004167595 (v. 13) :$cNo price
=020  \\$a9789004167605 (v. 14) :$cNo price
=020  \\$a9789004173835 (v. 15) :$cNo price
=020  \\$a9789004173842 (v. 16) :$cNo price
=020  \\$a9789004182783 (v. 17) :$cNo price
=040  \\$aUk$beng$cUk$dUk
=042  \\$aukblsr
=082  04$a945.8004924$222
=245  04$aThe Jews in Sicily /$c[edited] by Shlomo Simonsohn.
=246  1\$iOn added title page:$aDocumentary history of the Jews in Italy, xiii
=260  \\$aLeiden :$bBrill,$c1997-2010.
=300  \\$a18 v. ;$c25 cm.
=336  \\$atext$2rdacontent
=337  \\$aunmediated$2rdamedia
=338  \\$avolume$2rdacarrier
=490  0\$aStudia post-Biblica,$x0169-9717 ;$vv. 48, 3
=500  \\$a"Also represents volume 115 of the Publications of the Diaspora Research Institute, the School of Jewish Studies, Tel Aviv University" - vol. 1, p. vii. (Vol. 2 is v. 140 of the same).
=504  \\$aIncludes bibliographical references and indexes.
=505  1\$av. 1. 383-1300 - v. 2. 1302-1391 - v. 3. 1392-1414 - v. 4. 1415-1439 - v. 5. 1440-1457 - v. 6. 1458-1477 - v. 7. 1478-1489 - v. 8. 1490-1497 - v. 9. Corte pretoriana and notaries of Palermo - v. 10. Notaries of Palermo. Pt. 1 - v. 11. Notaries of Palermo. Pt. 2 -- v. 12. Notaries of Palermo. Pt. 3 -- v. 13. Notaries of Palermo. Pt. 4. -- v. 14. Notaries of Palermo and Trapani -- v. 15. Notaries of Trapani -- v. 16. Notaries of Trapani (end), Erice (monte San Giuliano), Mazara, Termini Imerese, Corleone and Sciacca -- v. 17. Sciacca (end), Caltabellotta, Agrigento, Syracuse, Noto, Catania, Scicli, Randazzo, Messina, Addenda et Corrigenda -- v. 18. Under the rule of Aragon and Spain.
=540  \\$aCurrent Copyright Fee: GBP25.00$c0$5Uk
=650  \0$aCairo Genizah.
=650  \0$aJews$zItaly$zSicily$xHistory$vSources.
=651  \0$aSicily (Italy)$xEthnic relations$xHistory$vSources.
=700  1\$aSimonsohn, Shlomo,$d1923-2019.
=852  41$aBritish Library$bDSC$j8483.160000$ivol. 48.3 (14)
=852  41$aBritish Library$bHMNTS$jYF.2012.a.5915$iVol. 3
=852  41$aBritish Library$bDSC$j8483.160000$ivol. 48.3 (18)
=852  41$aBritish Library$bHMNTS$jYF.2009.a.23251$ivol. 5
=852  41$aBritish Library$bHMNTS$jX.200/2046.
=852  41$aBritish Library$bDSC$j8483.160000$ivol. 48.3 (16)
=852  41$aBritish Library$bDSC$j8483.160000$ivol. 48.3 (15)
=852  41$aBritish Library$bDSC$ivol. 48.3 (13)
=852  41$aBritish Library$bDSC$ivol. 48.3 (1)
=852  41$aBritish Library$bOC$j01902.g.5/48.3
=852  41$aBritish Library$bDSC$j8483.160000$ivol. 48.3 (17)
=957  \\$a971115p
=957  \\$r10/11/1997
=957  \\$r17/09/2001
=957  \\$r22/10/2002
=AQN  \\$aE56 Vol.2-1302-1391, rec'd 9/00; invoice 4028441
=CAT  \\$aCONV$b00$c20040502$lBLL01$h1149
=CAT  \\$a11070$b40$c20090501$lBLL01$h1209
=CAT  \\$a11070$b40$c20090501$lBLL01$h1638
=CAT  \\$a11070$b40$c20090715$lBLL01$h1140
=CAT  \\$aBATCH$b00$c20091207$lBLL01$h0233
=CAT  \\$a11070$b40$c20100408$lBLL01$h1009
=CAT  \\$a8980$b40$c20100607$lBLL01$h1444
=CAT  \\$a11070$b40$c20120229$lBLL01$h1036
=CAT  \\$aWR16_021$c20160608$lBLL01$h1729
=CAT  \\$aBATCH-CLA$b00$c20160609$lBLL01$h0125
=CAT  \\$aBATCH-CLA$b00$c20161222$lBLL01$h1649
=CAT  \\$aIPL-CLA$c20161230$lBLL01$h1749
=CAT  \\$a13957$b40$c20170307$lBLL01$h1309
=CAT  \\$aBATCH-CLA$b00$c20170308$lBLL01$h0137
=CAT  \\$aBATCH-CLA$b00$c20171222$lBLL01$h1943
=CAT  \\$aIPL-CLA$c20171231$lBLL01$h1326
=CAT  \\$aBATCH-UPD$b00$c20190809$lBLL01$h2045
=CAT  \\$aBATCH-CLA$b00$c20190810$lBLL01$h0104
=CAT  \\$aBATCH-CLA$b00$c20191219$lBLL01$h1614
=CAT  \\$aIPL-CLA$c20191231$lBLL01$h1702
=CAT  \\$aR2001-1524$c20200127$lBLL01$h1919
=CAT  \\$aBATCH-CLA$b00$c20200128$lBLL01$h0435
=CAT  \\$aBATCH-CLA$b00$c20201204$lBLL01$h1408
=CAT  \\$aIPL-CLA$c20201231$lBLL01$h1857
=CAT  \\$aBATCH-CLA$b00$c20221221$lBLL01$h1711
=CAT  \\$aIPL-CLA$c20221231$lBLL01$h1813
=CFI  0\$aCurrent Copyright Fee: GBP25.00$c0$e01-jan-2023$fGBP25.00$g0$hA$5Uk
=CFI  2\$aPrevious Copyright Fee: GBP22.50$c0$e01-jan-2021$fGBP22.50$g0$hA$5Uk
=FIN  \\$aY$d20170307
=LEO  \\$aMP13.0000199026
=LEO  \\$aMP5.0000480693
=LEO  \\$aMP13.0002716875
=SRC  \\$aMOP02$bbibm2.200404.2.aa
=SRC  \\$aBNB03$bbibmp5.200404.2.aa
=SRC  \\$aHSS01$bbibmp13.200404.2.ae
=SRC  \\$aHSS01$bbibmp13.200404.2.aa
=SRC  \\$aLDS01$bbiblm.200404.2.aa
=ACF  \\$aPrevious Copyright Fee: GBP20.00$c0$e01-jan-2020$fGBP20.00$g0$hA$5Uk
=LAS  \\$aIPL-CLA$b00$c20221231$lBLL01$h1813

