=LDR  03402 am a2200865 a 4500
=001  006734618
=003  Uk
=005  20090225093452.0
=008  030103m20029999enkabc\\\b\\\\001\0\eng\\
=FMT  \\$a  BK
=015  \\$aGBA304776$2bnb
=016  7\$a006734618$2Uk
=019  1\$a0727731971
=020  \\$a0727731963 (v. 1) :$c£85.00
=020  \\$a0727731971 (v. 2) :$cNo price
=020  \\$a9780727731982 (v. 3) :$cNo price
=020  \\$a072773198X (v. 3) :$cNo price
=035  \\$a(UkOxU)O15424831
=040  \\$aUkOxU$dUk
=042  \\$aukblsr
=082  04$a388.1220941$222
=245  04$aThe motorway achievement.
=260  \\$aLondon :$bPublished for the Motorway Archive Trust by Thomas Telford Publishing,$c2002-
=300  \\$av. :$bill. (some col.), maps (some col.), ports. (some col.) ;$c26 cm.
=336  \\$atext$2rdacontent
=337  \\$aunmediated$2rdamedia
=338  \\$avolume$2rdacarrier
=504  \\$aIncludes bibliographical references and index.
=505  1\$av. 1. The British motorway system: visualisation, policy and administration / edited by Ron Bridle and John Porter -- v. 2. Frontiers of knowledge and practice / edited by Sir Peter Baldwin and Robert Baldwin -- v. 3. Building the network / edited by William James McCoubrey.
=650  \0$aExpress highways$zGreat Britain.
=650  \0$aHighway planning$zGreat Britain.
=650  \0$aRoads$zGreat Britain$xDesign and construction.
=740  02$aBritish motorway system: visualisation, policy and administration.
=740  02$aFrontiers of knowledge and practice.
=740  02$aBuilding the network.
=700  1\$aBridle, Ron.
=700  1\$aMcCoubrey, William James.
=700  1\$aPorter, John,$d1936 January 30-
=710  2\$aInstitution of Civil Engineers (Great Britain)
=710  2\$aInstitution of Highways and Transportation (Great Britain)
=710  2\$aMotorway Archive Trust.
=710  2\$aRees Jeffreys Road Fund.
=710  2\$aTransport Research Laboratory (Great Britain)
=852  41$aBritish Library$bDSC$jm09/.15597$ivol. 3
=852  41$aBritish Library$bHMNTS$jYC.2009.b.588$ivol. 3
=852  41$aBritish Library$bHMNTS$ivol. 1
=852  41$aBritish Library$bDSC$jm02/42939$ivol. 2
=852  41$aBritish Library$bDSC$jm05/.12309$ivol. 1
=852  41$aBritish Library$bHMNTS$jYC.2003.b.865$ivol. 2
=957  \\$r8/10/02$tM/32740-11
=966  \\$lACQUIS 27/11/2002
=985  \\$aRecord amended for WR# 13/070
=CAT  \\$aCONV$b00$c20040502$lBLL01$h1152
=CAT  \\$a11317$b40$c20050126$lBLL01$h1156
=CAT  \\$a12327$b40$c20051104$lBLL01$h1358
=CAT  \\$aglobal_upd$b40$c20060417$lBLL01$h0245
=CAT  \\$a11317$b40$c20070228$lBLL01$h0909
=CAT  \\$a11250$b40$c20090225$lBLL01$h0913
=CAT  \\$a11250$b40$c20090225$lBLL01$h0914
=CAT  \\$a11244$b40$c20090225$lBLL01$h0934
=CAT  \\$aBATCH$b00$c20091207$lBLL01$h0240
=CAT  \\$aWR13_070$b00$c20130504$lBLL01$h0142
=CAT  \\$aWR16_021$c20160608$lBLL01$h1730
=FIN  \\$aY$d20050126
=LDO  \\$aCIP
=LDO  \\$aLDO$bhbk
=LEO  \\$aMP5.0000210022
=LEO  \\$aMP13.0001887408
=LEO  \\$aMP8.0001826165
=LEO  \\$aMP5.0000210021
=SRC  \\$aBNB03$bbibmp5.200404.2.aa
=SRC  \\$aLDS01$bbiblm.200404.2.aa
=SRC  \\$aHSS01$bbibmp13.200404.2.ad
=SRC  \\$aDSC01$bbibmp8.200404.2.ac
=LAS  \\$aWR16_021$b00$c20160608$lBLL01$h1730

