=LDR  02450 am a2200709ua 4500
=001  006738953
=003  Uk
=005  20151009085043.0
=008  820106s1980\\\\enkabe\||b\\\\001\||eng\\
=FMT  \\$a  BK
=015  \\$aGB8022776$2bnb
=019  y\$aB8022776
=019  9\$a0856681482
=019  2\$a0856681482
=019  a\$aG00448885
=020  \\$a0856681482 :$cUnpriced
=040  \\$aUk$cUk$dUk
=041  0\$aeng$atib
=043  \\$aa-ii---
=050  00$aDS485.L2
=082  04$a954/.6$218
=082  04$a954/.6$219
=100  1\$aSnellgrove, David L.
=245  14$aThe cultural heritage of Ladakh.$nVol. 2,$pZangskar and the cave temples of Ladakh /$cDavid L. Snellgrove and Tadeusz Skorupski ; with part 4 on the inscriptions at Alchi, by Philip Denwood.
=260  \\$aWarminster :$bAris & Phillips,$cc1980.
=300  \\$ax, 166 p., [5] p. of plates :$bill. (some col.), 1 map, 2 plans ;$c31 cm.
=336  \\$atext$2rdacontent
=337  \\$aunmediated$2rdamedia
=338  \\$avolume$2rdacarrier
=490  0\$aCentral Asian Studies
=500  \\$aMap on lining papers.
=504  \\$aBibliography: p164. _ Includes index.
=546  \\$aText in English and Tibetan.
=651  \0$aLadākh (India)$xCivilization.
=653  \\$aKashmir culture$aLadakh region culture$ahistory
=700  1\$aSkorupski, Tadeusz.
=700  1\$aDenwood, Philip.
=886  2\$2blmarc$a967$b00$gx
=852  41$aBritish Library$bDSC$mf81/1165
=852  41$aBritish Library$bDSC$j82/04084
=852  41$aBritish Library$bDSC$jf83/0674
=852  41$aBritish Library$bHMNTS$jX.0423/508(2)
=852  41$aBritish Library$bOC$jW 4307$3[Another copy.]
=CAT  \\$aCONV$b00$c20040502$lBLL01$h1153
=CAT  \\$aUCB-HOL$b00$c20070905$lBLL01$h1520
=CAT  \\$aBATCH$b00$c20070905$lBLL01$h2217
=CAT  \\$aBATCH-UPD$b00$c20070906$lBLL01$h0403
=CAT  \\$aBATCH$b00$c20071125$lBLL01$h0153
=CAT  \\$aBATCH-UPD$b00$c20081206$lBLL01$h1935
=CAT  \\$aBATCH$b00$c20091118$lBLL01$h0137
=CAT  \\$aBATCH-UPD$b00$c20100212$lBLL01$h1756
=CAT  \\$a9668$b40$c20100415$lBLL01$h1429
=CAT  \\$a6550$b40$c20151009$lBLL01$h0850
=FIN  \\$aY
=LEO  \\$aMP8.0000190074
=LEO  \\$aMP13.0002084742
=LEO  \\$aMP5.0000706321
=SRC  \\$aDSC01$bbibmp8.200404.2.aa
=SRC  \\$aHSS01$bbibmp13.200404.2.ad
=SRC  \\$aUCB 2007
=SRC  \\$aBNB03$bbibmp5.200404.2.ab
=LAS  \\$a6550$b40$c20151009$lBLL01$h0850

