=LDR  05163cam a2201249 a 4500
=001  006738990
=003  Uk
=005  20221231181351.0
=008  000321m19989999enka\\\\\b\\\\000\0\eng\\
=FMT  \\$a  BK
=010  \\$a00302639
=015  \\$aGBA051895$2bnb
=016  7\$a006738990$2Uk
=019  1\$a0856688142
=020  \\$a0856688029 (v. 2 : pbk.) :$cNo price
=020  \\$a0856688045 (v. 3 : pbk.) :$cNo price
=020  \\$a0856688096 (v. 4 : pbk.) :$cNo price
=020  \\$a0856688142 (v. 5 : pbk.) :$cNo price
=020  \\$a0856688061 (v. 7 : pbk.) :$cNo price
=020  \\$a085668810X (v. 8 : pbk.) :$cNo price
=020  \\$a9780856688287 (v. 9 : pbk.) :$c£65.00
=020  \\$a0856688282 (v. 9 : pbk.) :$c£65.00
=040  \\$aUk$cUk$dUk
=042  \\$aukblsr
=043  \\$af-ua---
=050  00$aDT73.S3$bT48 1998
=082  00$a932.012$222
=245  04$aThe Teti Cemetery at Saqqara /$cN. Kanawati and M. Abder-Raziq ; with contributions by A. McFarlane ... [et al.].
=260  \\$aWarminster, :$bAris and Phillips,$c1998-
=300  \\$av. :$bill. (some col.) ;$c29 cm.
=336  \\$atext$2rdacontent
=337  \\$aunmediated$2rdamedia
=338  \\$avolume$2rdacarrier
=490  1\$aReports / Australian Centre for Egyptology ;$v9, 11, 12, 13, 17
=505  1\$av. 2. The tomb of Ankhmahor -- v. 3. The tombs of Neferseshemre and Seankhuiptah -- v. 4. Minor burials and other material / K. Sowada, T. Callaghan, P. Bentley ; with contributions by A. Cavanagh ... [et al.] -- v. 5. The tomb of Hesi -- v. 7. The tombs of Shepsipuptah, Mereri (Merinebti), Hefi and others -- v. 8. The tomb of Inumin -- v.9. The tomb of Remni.
=504  \\$aIncludes bibliographical references.
=540  \\$aCurrent Copyright Fee: GBP25.00$c0$5Uk
=600  00$aTeti,$cKing of Egypt.
=650  \0$aTombs$zEgypt$zSaqqārah.
=651  \0$aSaqqārah (Egypt)$xAntiquities.
=700  1\$aKanawati, Naguib.
=700  1\$aAbd El-Raziq, Mahmud.
=700  1\$aMcFarlane, A.$q(Ann).
=830  \0$aReports (Australian Centre for Egyptology) ;$v9, 11, 12, 13, 17.
=852  41$aBritish Library$bHMNTS$jYC.2010.b.1226$ivol. 9
=852  41$aBritish Library$bHMNTS$jYC.2011.b.1771$ivol. 8
=852  41$aBritish Library$bHMNTS$ivol. 9
=852  41$aBritish Library$bDSC$j7376.000000$ino. 13
=852  41$aBritish Library$bDSC$j7376.000000$ino. 17
=852  41$aBritish Library$bDSC$j7376.000000$ino. 11
=852  41$aBritish Library$bDSC$j7376.000000$ino. 12
=852  41$aBritish Library$bHMNTS$jYC.1998.b.6459$ivol. 2
=852  41$aBritish Library$bHMNTS$jYC.2003.b.17$ivol. 7
=852  41$aBritish Library$bHMNTS$jYC.2000.b.1345$ivol. 4
=852  41$aBritish Library$bHMNTS$jYC.2000.b.1346$ivol. 5
=957  \\$r10/12/02$tM/33425-04
=966  \\$lACQUIS 02/09/99
=966  \\$lACQUIS 25/07/2002
=CAT  \\$aCONV$b00$c20040502$lBLL01$h1153
=CAT  \\$a10746$b40$c20050511$lBLL01$h1146
=CAT  \\$aglobal_upd$b40$c20060417$lBLL01$h0245
=CAT  \\$a8479$b40$c20070711$lBLL01$h1035
=CAT  \\$a11249$b40$c20070724$lBLL01$h1050
=CAT  \\$aBATCH$b00$c20091118$lBLL01$h0137
=CAT  \\$a8980$b40$c20100524$lBLL01$h1059
=CAT  \\$aBATCH-CLA$b00$c20140810$lBLL01$h1434
=CAT  \\$aBATCH-UPD$b00$c20141210$lBLL01$h2320
=CAT  \\$aBATCH-CLA$b00$c20141211$lBLL01$h0044
=CAT  \\$aWR16_021$c20160608$lBLL01$h1730
=CAT  \\$aBATCH-CLA$b00$c20160609$lBLL01$h0125
=CAT  \\$aBATCH-CLA$b00$c20161222$lBLL01$h1649
=CAT  \\$aBATCH-UPD$b00$c20161223$lBLL01$h1006
=CAT  \\$aIPL-CLA$c20161230$lBLL01$h1749
=CAT  \\$aBATCH-CLA$b00$c20171222$lBLL01$h1943
=CAT  \\$aIPL-CLA$c20171231$lBLL01$h1326
=CAT  \\$aBATCH-CLA$b00$c20191219$lBLL01$h1614
=CAT  \\$aIPL-CLA$c20191231$lBLL01$h1702
=CAT  \\$aR2001-1524$c20200127$lBLL01$h1919
=CAT  \\$aBATCH-CLA$b00$c20200128$lBLL01$h0419
=CAT  \\$aBATCH-CLA$b00$c20201204$lBLL01$h1409
=CAT  \\$aIPL-CLA$c20201231$lBLL01$h1857
=CAT  \\$aBATCH-CLA$b00$c20221221$lBLL01$h1711
=CAT  \\$aIPL-CLA$c20221231$lBLL01$h1813
=CFI  0\$aCurrent Copyright Fee: GBP25.00$c0$e01-jan-2023$fGBP25.00$g0$hA$5Uk
=CFI  2\$aPrevious Copyright Fee: GBP22.50$c0$e01-jan-2021$fGBP22.50$g0$hA$5Uk
=FIN  \\$aY
=LDO  \\$aLDO$bpbk$c5/12/02
=LEO  \\$aMP13.0002084988
=LEO  \\$aMP5.0001751427
=LEO  \\$aMP13.0002084984
=LEO  \\$aMP8.0001567284
=LEO  \\$aMP5.0001751429
=LEO  \\$aMP8.0001655025
=LEO  \\$aMP13.0002084987
=LEO  \\$aMP5.0001751430
=LEO  \\$aMP5.0000304449
=LEO  \\$aMP13.0002084986
=SID  \\$aZ39$bLOC
=SRC  \\$aBNB03$bbibmp5.200404.2.aa
=SRC  \\$aBNB03$bbibmp5.200404.2.ad
=SRC  \\$aHSS01$bbibmp13.200404.2.ad
=SRC  \\$aDSC01$bbibmp8.200404.2.ac
=SRC  \\$aLDS01$bbiblm.200404.2.aa
=ACF  \\$aPrevious Copyright Fee: GBP12.30$c0$e01-jan-2014$fGBP12.30$g0$hA$5Uk
=ACF  \\$aPrevious Copyright Fee: GBP15.00$c0$e01-jan-2017$fGBP15.00$g0$hA$5Uk
=ACF  \\$aPrevious Copyright Fee: GBP20.00$c0$e01-jan-2020$fGBP20.00$g0$hA$5Uk
=LAS  \\$aIPL-CLA$b00$c20221231$lBLL01$h1813

