=LDR  03053 am a2200685 a 4500
=001  006745391
=003  Uk
=005  20160331120809.0
=008  031124m20039999enka\\\\\\\\\\000\1\eng\\
=FMT  \\$a  BK
=015  \\$aGBA3W3295$2bnb
=019  1\$a1841611778
=020  \\$a1841611778 (bk. 1 : pbk.) :$c£4.99
=020  \\$a1841611786 (bk. 2 : pbk.) :$c£4.99
=020  \\$a1841611964 (bk. 3 : pbk.) :$c£4.99
=020  \\$a184161260X (bk. 7 : pbk.) :$c£4.99
=020  \\$a1841612618 (bk. 8 : pbk.) :$c£4.99
=040  \\$aStDuBDS$dUk
=042  \\$aukblsr
=082  04$a741.5973$222
=100  1\$aSchulz, Charles M.$q(Charles Monroe),$d1922-2000.
=245  10$aSnoopy :$b2 in 1 collection /$cCharles M. Schulz.
=260  \\$aPartridge Green :$bRavette,$c2003-
=300  \\$av. :$bchiefly ill. ;$c18 cm.
=336  \\$atext$2rdacontent
=337  \\$aunmediated$2rdamedia
=338  \\$avolume$2rdacarrier
=505  1\$abk. 1. The literary ace ; The flying ace -- bk. 2. The fitness fanatic ; The matchmaker -- bk. 3. The legal beagle ; The great philosopher -- bk. 7. The great entertainer ; Master of disguise -- bk. 8. The winter wonder dog ; The tennis ace.
=600  00$aSnoopy$c(Fictitious character)$vComic books, strips, etc.
=700  1\$aSchulz, Charles M.$q(Charles Monroe),$d1922-2000.$tLiterary ace.
=700  1\$aSchulz, Charles M.$q(Charles Monroe),$d1922-2000.$tFlying ace.
=700  1\$aSchulz, Charles M.$q(Charles Monroe),$d1922-2000.$tFitness fanatic.
=700  1\$aSchulz, Charles M.$q(Charles Monroe),$d1922-2000.$tMatchmaker.
=700  1\$aSchulz, Charles M.$q(Charles Monroe),$d1922-2000.$tLegal beagle.
=700  1\$aSchulz, Charles M.$q(Charles Monroe),$d1922-2000.$tGreat philosopher.
=700  1\$aSchulz, Charles M.$q(Charles Monroe),$d1922-2000.$tGreat entertainer.
=700  1\$aSchulz, Charles M.$q(Charles Monroe),$d1922-2000.$tMaster of disguise.
=700  1\$aSchulz, Charles M.$q(Charles Monroe),$d1922-2000.$tWinter wonder dog.
=700  1\$aSchulz, Charles M.$q(Charles Monroe),$d1922-2000.$tTennis ace.
=852  41$aBritish Library$bHMNTS$jYK.2008.a.14896$ibk. 7
=852  41$aBritish Library$bHMNTS$jYK.2008.a.13623$ibk. 8
=852  41$aBritish Library$bHMNTS$ibk. 3
=852  41$aBritish Library$bHMNTS$jYK.2003.a.26131$ibk. 1
=852  41$aBritish Library$bHMNTS$jYK.2003.a.26130$ibk. 2
=CAT  \\$aCONV$b00$c20040502$lBLL01$h1153
=CAT  \\$a10932$b40$c20050919$lBLL01$h1129
=CAT  \\$aBATCH-UPD$b40$c20070319$lBLL01$h0447
=CAT  \\$aBATCH-UPD$b40$c20070406$lBLL01$h0352
=CAT  \\$aBATCH-UPD$b40$c20070412$lBLL01$h0756
=CAT  \\$a11250$b40$c20080728$lBLL01$h1148
=CAT  \\$aBATCH$b00$c20091207$lBLL01$h0242
=CAT  \\$a6491$b40$c20160331$lBLL01$h1208
=FIN  \\$aY$d20050919
=LEO  \\$aMP13.0002312602
=LEO  \\$aMP5.0000380830
=LEO  \\$aMP5.0000380829
=SRC  \\$aHSS01$bbibmp13.200404.2.ad
=SRC  \\$aBNB03$bbibmp5.200404.2.aa
=SRC  \\$aLDS01$bbiblm.200404.2.aa
=LAS  \\$a6491$b40$c20160331$lBLL01$h1208

