=LDR  03548cam a2200793 i 4500
=001  006749630
=003  Uk
=005  20210428151539.0
=008  901128m19909999gw\abf\\\bc\\|0|1\0|ger\\
=FMT  \\$a  BK
=019  1\$a3110108992
=020  \\$a3110108992 (T .1)
=020  \\$a9783110251845 (T. 2)
=020  \\$a9783110454895 (T. 3)
=020  \\$a9783447114288 (T. 4)
=040  \\$aUk$beng$cUk$dUk$erda
=042  \\$aukblsr
=082  04$a733.5093923$223
=245  00$aFunde aus Milet /$cDeutsches Archäologisches Institut.
=264  \1$aBerlin :$bDe Gruyter,$c[1990]-
=300  \\$avolumes :$billustrations (black and white, and colour), 1 map (black and white) ;$c35 cm.
=336  \\$atext$2rdacontent
=337  \\$aunmediated$2rdamedia
=338  \\$avolume$2rdacarrier
=490  0\$aMilet ;$vBand V
=500  \\$aTeil 4 has imprint: Wiesbaden : Harrassowitz Verlag, ©2020.
=505  1\$aT. 1. Die megarischen Becher / von Anne-Ulrike Kossatz -- T. 2. Marmorskulpturen der römischen Kaiserzeit aus Milet : Aufstellungskontext und programmatische Aussage / von Renate Bol unter Mitarbeit von Simone Frede und Patrick Schollmeyer ; mit Beiträgen von Anke Ahle ... [et al.] -- T. 3. Die attische Importkeramik / von Norbert Kunisch ; mit einem Beitrag von Norbert Ehrhart -- Teil 4. Laconian and Chian fine ware pottery at Miletus / Gerald P. Schaus.
=504  \\$aIncludes bibliographical references and indexes.
=650  \0$aMegarian bowls$zTurkey$zBalat (Aydın İli)
=650  \0$aSculpture, Roman$zTurkey$zBalat (Aydın İli)
=650  \0$aPottery$zTurkey$zBalat (Aydın İli)
=650  \0$aGreeks$zTurkey$zBalat (Aydın İli)
=650  \0$aRomans$zTurkey$zBalat (Aydın İli)
=650  \0$aClassical antiquities.
=651  \0$aBalat (Aydın İli, Turkey)$xAntiquities.
=651  \0$aBalat (Aydın İli, Turkey)$xAntiquities$vCatalogs.
=650  \0$aExcavations (Archaeology)$zTurkey$zBalat (Aydın İli)
=700  12$aKossatz, Anne-Ulrike.$tMegarische Becher.
=700  12$aBol, Renate.$tMarmorskulpturen der römischen Kaiserzeit aus Milet.
=700  12$aKunisch, Norbert,$d1934-$tAttische Importkeramik.
=700  12$aSchaus, Gerald P.,$d1950-$tLaconian and Chian fine ware pottery at Miletus.
=710  2\$aDeutsches Archäologisches Institut.
=852  41$aBritish Library$bHMNTS$j1704.d.20.
=852  41$aBritish Library$bHMNTS$j1829.k.
=852  41$aBritish Library$bHMNTS$j1704.d.20.
=852  41$aBritish Library$bHMNTS$j1829.k.
=852  41$aBritish Library$bHMNTS$j1704.d.20.
=852  41$aBritish Library$bHMNTS$j1829.k.
=852  41$aBritish Library$bHMNTS$j1704.d.20.
=852  41$aBritish Library$bHMNTS$j1829.k.
=852  41$aBritish Library$bHMNTS$iT. 4
=957  \\$a9010p
=985  \\$aCorrected by MS generated file for WR# 12.018
=CAT  \\$aCONV$b00$c20040502$lBLL01$h1154
=CAT  \\$aBATCH$b00$c20091118$lBLL01$h0142
=CAT  \\$aBATCH-UPD$b00$c20100212$lBLL01$h1758
=CAT  \\$a8197$b40$c20110803$lBLL01$h1220
=CAT  \\$a11069$b40$c20120209$lBLL01$h0928
=CAT  \\$a6470$b40$c20120224$lBLL01$h1116
=CAT  \\$aBLSS-CORR$b00$c20120724$lBLL01$h1754
=CAT  \\$a8197$b40$c20160920$lBLL01$h1552
=CAT  \\$a11069$b40$c20170419$lBLL01$h1006
=CAT  \\$a8197$b40$c20210210$lBLL01$h1242
=CAT  \\$a6989$b40$c20210428$lBLL01$h1509
=CAT  \\$a6989$b40$c20210428$lBLL01$h1515
=FIN  \\$aY
=LEO  \\$aMP13.0002519813
=SRC  \\$aHSS01$bbibmp13.200404.2.ae
=LAS  \\$a6989$b40$c20210428$lBLL01$h1515

