=LDR  01637 am a2200445ua 4500
=001  006759006
=003  Uk
=005  20211004142933.0
=008  020307s1999\\\\ne\\\\\||\\\\\001\||ger\\
=FMT  \\$a  BK
=019  1\$abld00H8261
=019  s\$aoagh21133
=020  \\$a9004113924
=020  \\$a9789004395787$qhardback$qIV A
=040  \\$aUk$cUk
=082  04$a938
=100  1\$aJacoby, Felix,$d1876-1959.
=245  14$aDie Fragmente der griechischen Historiker /$cJacoby.
=260  \\$aLeiden :$bBrill,$c1999-
=300  \\$av. ;$c25 cm.
=336  \\$atext$2rdacontent
=337  \\$aunmediated$2rdamedia
=338  \\$avolume$2rdacarrier
=504  \\$aIncludes bibliographical references.
=505  0\$aContents: Indexes of parts I, II, and III; Indexes of ancient authors; Introduction, I: Alphabetical list of authors conserving Testimonia & fragments / by Pierre Bonnechere -- IV A : Biography : Fascicle 8, Anonymous Papyri [Nos.1119-1139] / edited by James H. Brusuelas, Dirk Obbink, Stefan Schorn.
=650  \0$aLost literature$zGreece.
=650  \0$aTransmission of texts.
=650  \0$aHistory, Ancient.
=651  \0$aGreece$xHistory.
=852  41$aBritish Library$bHMNTS$kHLR$h938$i3c fasc. 1
=852  41$aBritish Library$bHMNTS$kHLR$h938$i3a, fasc. 3
=852  41$aBritish Library$bHMNTS$jYF.2021.a.12027
=957  \\$a000000p
=CAT  \\$aCONV$b00$c20040502$lBLL01$h1156
=CAT  \\$aBATCH$b00$c20091118$lBLL01$h0148
=CAT  \\$a8256$b40$c20211004$lBLL01$h1429
=FIN  \\$aY$d20211004
=LEO  \\$aMP13.0000091256
=SRC  \\$aHSS01$bbibmp13.200404.2.aa
=LAS  \\$a8256$b40$c20211004$lBLL01$h1429

