=LDR  02623 am a2200685 a 4500
=001  006759217
=003  Uk
=005  20091117180214.0
=008  941110m19872001ii\a\\\\\b\\\o001\0\eng\\
=FMT  \\$a  BK
=019  2\$aiole25655
=019  s\$aoaoc00240
=020  \\$a8185935130 (v. 3.3)
=020  \\$z8185935133 (v. 3.4)
=020  \\$z8185935134 (v. 3.5)
=020  \\$a8185935130 (v. 3.6)
=040  \\$aUk$cUk
=042  \\$aukblsr
=082  04$a954$222
=245  00$aGuide to the sources of Asian history.$n3,$pIndia /$cInternational Council on Archives.
=246  1\$iSpine title on jacket:$aICA Asian guide
=246  1\$iRomanized Hindi title on v. 3.4-3.5:$aGāīḍa ṭū da sosarẓa ôpha eśiyana hisṭrī
=260  \\$aNew Delhi :$bNational Archives of India,$c1987-2001.
=300  \\$a6 v. :$bill. ;$c26 cm.
=336  \\$atext$2rdacontent
=337  \\$aunmediated$2rdamedia
=338  \\$avolume$2rdacarrier
=500  \\$a"Published under the auspices of Unesco by National Archives of India"--T.p. verso.
=505  0\$av. 3.1-3.2. National archives -- v. 3.3-3.5. States/union territories -- v. 3.6. Directory of custodial institutions.
=504  \\$aIncludes bibliographical references and indexes.
=650  \0$aExecutive departments$zIndia.
=651  \0$aIndia$xHistory$vSources.
=651  \0$aIndia$xPolitics and government$y1947-$vSources.
=710  2\$aInternational Council on Archives.
=710  2\$aNational Archives of India.
=710  2\$aUnesco.
=852  41$aBritish Library$bOC$jYD.2009.a.8255$ivol. 3.4
=852  41$aBritish Library$bOC$jYD.2009.a.8682$ivol. 3.5
=852  41$aBritish Library$bOC$ivol. 3.5
=852  41$aBritish Library$bOC$jYD.2011.a.2085$ivol. 3.5
=852  11$aBritish Library$bOC$cSPHOA$kOIH$h954.001$jOPG.2009.x.10
=852  41$aBritish Library$bOC$jORW.1991.a.1298$ivol. 3.1
=957  \\$a930415p
=957  \\$a910715d
=CAT  \\$aCONV$b00$c20040502$lBLL01$h1156
=CAT  \\$a4039$b40$c20081204$lBLL01$h1128
=CAT  \\$a4039$b40$c20081204$lBLL01$h1509
=CAT  \\$a4039$b40$c20081208$lBLL01$h1137
=CAT  \\$a4039$b40$c20091019$lBLL01$h1119
=CAT  \\$a11250$b40$c20091022$lBLL01$h1320
=CAT  \\$a9665$b40$c20091113$lBLL01$h1429
=CAT  \\$a6989$b40$c20091117$lBLL01$h1659
=CAT  \\$a6989$b40$c20091117$lBLL01$h1711
=CAT  \\$a6989$b40$c20091117$lBLL01$h1716
=CAT  \\$a6989$b40$c20091117$lBLL01$h1802
=CAT  \\$aBATCH$b00$c20091207$lBLL01$h0244
=FIN  \\$aY
=LEO  \\$aMP13.0000495614
=SRC  \\$aHSS01$bbibmp13.200404.2.aa
=LAS  \\$aBATCH$b00$c20091207$lBLL01$h0244

