=LDR  02199 am a2200601 a 4500
=001  006795453
=003  Uk
=005  20140808095712.0
=008  040419m19211929enkab\\\\\\\\o001\0\eng\\
=FMT  \\$a  BK
=019  u\$aG10707048
=019  x\$a156146032X
=019  u\$aG10707049
=019  u\$aG10707050
=040  \\$aUk$cUk$dUk
=100  1\$aHurd, Archibald,$d1869-1959.
=245  14$aThe Merchant Navy /$cby Archibald Hurd.
=260  \\$aLondon :$bJohn Murray,$c1921-1929.
=300  \\$a3 v. :$bill., maps ;$c22 cm.
=336  \\$atext$2rdacontent
=337  \\$aunmediated$2rdamedia
=338  \\$avolume$2rdacarrier
=490  0\$aHistory of the Great War based on official documents
=500  \\$aBy direction of the Historical Section of the Committee of Imperial Defence.
=650  \0$aWorld War, 1914-1918$xNaval operations.
=650  \0$aMerchant marine$zGreat Britain$xHistory.
=710  1\$aGreat Britain.$bCommittee of Imperial Defence.
=852  41$aBritish Library$bHMNTS$jB.S.68/91.
=852  11$aBritish Library$bDSC$h940.45 *2101*$ivol. 1
=852  11$aBritish Library$bDSC$h940.45 *2102*$ivol. 2
=852  11$aBritish Library$bDSC$h940.45 *2103*$ivol. 3
=852  41$aBritish Library$bDSC$jW13/6678$ivol. 2$qCopy at W13/6678. Missing.
=852  41$aBritish Library$bDSC$jW53/8367$ivol. 3
=852  41$aBritish Library$bDSC$jW49/5340$ivol. 2
=852  41$aBritish Library$bDSC$jW28/9671$ivol. 1$qCopy at W28/9671. Missing.
=852  41$aBritish Library$bDSC$jW49/5339$ivol. 1
=CAT  \\$aCONV$b00$c20040502$lBLL01$h1158
=CAT  \\$aglobal_upd$b40$c20060417$lBLL01$h0251
=CAT  \\$aBATCH$b00$c20091207$lBLL01$h0253
=CAT  \\$aBATCH-UPD$b00$c20100212$lBLL01$h1804
=CAT  \\$a6537$b40$c20130321$lBLL01$h1116
=CAT  \\$a6537$b40$c20130321$lBLL01$h1124
=CAT  \\$a6537$b40$c20130321$lBLL01$h1208
=CAT  \\$a8874$b40$c20140808$lBLL01$h0957
=FIN  \\$aY
=LEO  \\$aMP1.0001869259
=LEO  \\$aMP34.0000193661
=LEO  \\$aMP34.0000193662
=LEO  \\$aMP34.0000193663
=SRC  \\$aBLS01$bbibmp1.200404.2.ac
=SRC  \\$aUCB01$bbibmp34.200404.2.aa
=SRC  \\$aUCB 2007
=LAS  \\$a8874$b40$c20140808$lBLL01$h0957

