=LDR  01201 am a2200361uu 4500
=001  006807677
=003  Uk
=005  20200619193056.0
=008  040420s1908\\\\enk\\\\||\\\\\000\||eng\\
=FMT  \\$a  BK
=019  u\$aG10949655
=040  \\$aUk$cUk
=100  1\$aReich, Emil.
=245  10$aGeneral history of western nations from 5000 B.C. to 1900 A.D. /$cEmil Reich. 1, Antiquity.
=264  \1$aLondon :$b[s.n.],$c1908.
=300  \\$a2 volumes ;$c(8º)
=336  \\$atext$2rdacontent
=337  \\$aunmediated$2rdamedia
=338  \\$avolume$2rdacarrier
=852  41$aBritish Library$bDSC$jW15/1157$iVol. I
=852  41$aBritish Library$bDSC$iVol. 2
=985  \\$aCorrected by MS generated file for WR# 1805-0738
=CAT  \\$aCONV$b00$c20040502$lBLL01$h1159
=CAT  \\$aglobal_upd$b40$c20060417$lBLL01$h0255
=CAT  \\$aBATCH$b00$c20091207$lBLL01$h0258
=CAT  \\$aBATCH-UPD$b00$c20100212$lBLL01$h1806
=CAT  \\$a1805-0738$c20181214$lBLL01$h1833
=CAT  \\$a1805-0738$b00$c20181214$lBLL01$h1908
=CAT  \\$aW2001-2376$c20200619$lBLL01$h1930
=FIN  \\$aY
=LEO  \\$aMP34.0000313681
=SRC  \\$aUCB01$bbibmp34.200404.2.aa
=LAS  \\$aW2001-2376$b00$c20200619$lBLL01$h1930

