=LDR  01533pam a2200481 a 4500
=001  006891658
=003  Uk
=005  20060227114201.0
=008  030821m20039999enka\\\\\\\\\\001\0\eng\\
=FMT  \\$a  BK
=015  \\$aGBA3V0510$2bnb
=016  7\$a006891658$2Uk
=019  y\$abA3V0510
=019  9\$a1861266448
=020  \\$a1861266448 (v. 1 : pbk.) :$c£14.99
=020  \\$a1861267509 (v. 2 : pbk.) :$c£14.99
=039  0\$a2756
=040  \\$aStDuBDS$beng$cStDuBDS$dUk
=042  \\$aukblsr
=082  04$a629.221$222
=100  1\$aWingrove, Gerald A.$q(Gerald Amery),$d1934-
=245  14$aThe complete car modeller /$cGerald A. Wingrove.
=260  \\$aRamsbury :$bCrowood,$c2003-
=300  \\$av. :$bill. (some col.) ;$c30 cm.
=336  \\$atext$2rdacontent
=337  \\$aunmediated$2rdamedia
=338  \\$avolume$2rdacarrier
=500  \\$aOriginally published: London: New Cavendish, 1978.
=500  \\$aFormerly CIP.$5Uk
=650  \0$aAutomobiles$xModels.
=852  41$aBritish Library$bHMNTS$jYK.2006.b.1704$ivol. 2
=852  41$aBritish Library$bHMNTS$ivol. 1
=CAT  \\$aCONV$b00$c20040502$lBLL01$h1111
=CAT  \\$aCIP_LDO_M$b00$c20050604$lBLL01$h1454
=CAT  \\$a10932$b40$c20060227$lBLL01$h1142
=CAT  \\$aBATCH-UPD$b40$c20100212$lBLL01$h1810
=CAT  \\$aWR16_021$c20160608$lBLL01$h1731
=FIN  \\$aY$d20060227
=LDO  \\$aCIP
=LEO  \\$aMP5.0000429008
=SRC  \\$aLDS01$bbiblm.200404.2.aa
=SRC  \\$aBNB03$bbibmp5.200404.2.aa
=LAS  \\$aWR16_021$b00$c20160608$lBLL01$h1731

