=LDR  02351pam a2200661 a 4500
=001  006892561
=003  Uk
=005  20080530110743.0
=008  030423m20039999enkac\\\\b\\\\001\0\eng\\
=FMT  \\$a  BK
=015  \\$aGBA3V0806$2bnb
=016  7\$a006892561$2Uk
=019  y\$abA3V0806
=019  9\$a1841765899
=020  \\$a1841765899 (1 : pbk.) :$c£8.99
=020  \\$a1841765902 (2 : pbk) :$c£8.99
=020  \\$a1841765910 (3 : pbk.) :$c£8.99
=020  \\$a1841765929 (4 : pbk.) :$cNo price
=039  0\$a2756
=040  \\$aStDuBDS$dUk
=042  \\$aukblsr
=082  04$a355.0094309044$222
=100  1\$aWilliamson, Gordon,$d1951-
=245  14$aThe Waffen-SS /$cGordon Williamson ; illustrated by Stephen Andrew.
=260  \\$aOxford :$bOsprey Publishing,$c2003-
=300  \\$av. :$bill. (some col.), ports. ;$c25 cm.
=336  \\$atext$2rdacontent
=337  \\$aunmediated$2rdamedia
=338  \\$avolume$2rdacarrier
=490  1\$aMen-at-arms ;$v401, 404, 415, 420
=504  \\$aIncludes bibliographical references and index.
=505  1\$a1. 1. to 5. Divisions -- 2. 6. to 10. Divisions -- 3. 11. to 23. Divisions -- 4. 24. to 38. Divisions & Volunteer Legions
=597  \\$aMerged CIP onto LDO for Batch deduplication
=610  20$aWaffen-SS$xHistory.
=610  20$aWaffen-SS$xUniforms.
=650  \0$aWorld War, 1939-1945.
=830  \0$aMen-at-arms ;$v401, 404, 415, 420
=852  41$aBritish Library$bHMNTS$jYC.2008.a.7775$i4
=852  41$aBritish Library$bHMNTS$jYK.2005.a.6208$i3
=852  41$aBritish Library$bHMNTS$jYC.2008.a.5718$i2
=852  41$aBritish Library$bHMNTS$i1
=CAT  \\$aCONV$b00$c20040425$lBLL90$h0541
=CAT  \\$aCONV$b00$c20040502$lBLL01$h1208
=CAT  \\$a7416$b40$c20050405$lBLL01$h1456
=CAT  \\$aCIP_LDO_M$b00$c20050604$lBLL01$h1458
=CAT  \\$a10932$b40$c20050701$lBLL01$h1354
=CAT  \\$a11009$b40$c20080530$lBLL01$h1107
=CAT  \\$aBATCH-UPD$b40$c20080926$lBLL01$h1100
=CAT  \\$aBATCH$b00$c20091216$lBLL01$h2230
=CAT  \\$aBATCH-UPD$b00$c20091217$lBLL01$h0348
=CAT  \\$aWR16_021$c20160608$lBLL01$h1731
=FIN  \\$aY$d20050701
=LDO  \\$aCIP
=LEO  \\$aMP5.0000382336
=LEO  \\$aMP5.0000382337
=SRC  \\$aLDS01$bbiblm.200404.2.aa
=SRC  \\$aBNB03$bbibmp5.200404.2.aa
=LAS  \\$aWR16_021$b00$c20160608$lBLL01$h1731

