=LDR  01739pam a2200541 a 4500
=001  006942972
=003  Uk
=005  20201124181837.0
=008  040423s2004\\\\stk\\\\\\\\\\\000\0\eng\\
=FMT  \\$a  BK
=015  \\$aGBA482984$2bnb
=016  7\$a006942972$2Uk
=019  y\$abA4Z9767
=019  9\$a0245607277
=020  \\$a0245607277 (cased) :$cNo price
=040  \\$aStDuBDS$dUk
=041  0\$aeng$afre
=042  \\$aUkblsr
=082  04$a443.21$222
=245  00$aHarrap's shorter dictionary :$bEnglish-French, French-English.
=250  \\$a7th ed
=260  \\$aEdinburgh :$bHarrap,$c2004.
=300  \\$axvi, 964 p. ;$c28 cm.
=336  \\$atext$2rdacontent
=337  \\$aunmediated$2rdamedia
=338  \\$avolume$2rdacarrier
=500  \\$aFormerly CIP.$5Uk
=500  \\$aPrevious ed.: 2000
=650  \0$aFrench language$vDictionaries$xEnglish.
=650  \0$aEnglish language$vDictionaries$xFrench.
=852  41$aBritish Library$bHMNTS$jYC.2005.b.1986
=852  11$aBritish Library$bHMNTS$cSPHOA$kHUD$mFRE
=852  41$aBritish Library$bHMNTS$cSPHOA$kHLD FRE
=985  \\$aUpgraded by BSS-generated file for WR2011-1473
=CAT  \\$aCONV$b00$c20040502$lBLL01$h1203
=CAT  \\$aAGENCY3$b40$c20040622$lBLL01$h1353
=CAT  \\$a10896$b40$c20041119$lBLL01$h1207
=CAT  \\$a5004$b40$c20051103$lBLL01$h0937
=CAT  \\$a5004$b40$c20051103$lBLL01$h0939
=CAT  \\$aBATCH$b00$c20091207$lBLL01$h0320
=CAT  \\$aWR16_021$c20160609$lBLL01$h1937
=CAT  \\$aW2011-1473$b00$c20201124$lBLL01$h1818
=FIN  \\$aY$d20051103
=LDO  \\$aCIP
=LEO  \\$aMP5.0000104001
=SRC  \\$aBNB03$bbibmp5.200404.2.aa
=SRC  \\$aLDS01$bbiblm.200404.2.aa
=LAS  \\$aW2011-1473$b00$c20201124$lBLL01$h1818

