=LDR  02051pam a2200613 a 4500
=001  006966857
=003  Uk
=005  20160927113722.0
=008  030207m20039999enka\\\\\\\\\\000\1\eng\\
=FMT  \\$a  BK
=015  \\$aGBA3X6833$2bnb
=016  7\$a006966857$2Uk
=019  y\$abA3X6833
=019  9\$a184023718x
=020  \\$a1840236922 (v. 1 : cased) :$c£19.99
=020  \\$a184023718X (v. 1 : pbk.) :$c£9.99
=020  \\$a1840237376 (v. 2 : cased) :$c£24.99
=020  \\$a1840237384 (v. 2 : pbk.) :$c£9.99
=039  0\$a2738
=040  \\$aStDuBDS$beng$cStDuBDS$dUk
=042  \\$aukblsr
=082  04$a741.5$222
=100  1\$aLoeb, Jeph.
=245  10$aHush /$cJeph Loeb, writer ; Jim Lee, penciller ; Scott Williams, inker ; Richard Starkings, letterer ; Alex Sinclair, colorist.
=260  \\$aLondon :$bTitan,$c2003-
=300  \\$av. :$bcol. ill. ;$c26 cm.
=336  \\$atext$2rdacontent
=337  \\$aunmediated$2rdamedia
=338  \\$avolume$2rdacarrier
=490  1\$aBatman
=500  \\$aFormerly CIP.$5Uk
=600  00$aBatman$c(Fictitious character)$vComic books, strips, etc.$vFiction.
=655  07$aScience fiction comic books, strips, etc..$2lcsh
=700  1\$aLee, Jim,$d1964-
=700  1\$aWilliams, Scott,$d1960-
=830  \0$aBatman
=852  41$aBritish Library$bHMNTS$ivol. 1
=852  41$aBritish Library$bHMNTS$jYK.2005.b.6190$ivol. 2
=CAT  \\$aCONV$b00$c20040425$lBLL90$h0540
=CAT  \\$aCONV$b00$c20040502$lBLL01$h1504
=CAT  \\$aCIP_LDO_M$b00$c20050604$lBLL01$h1549
=CAT  \\$a10932$b40$c20051128$lBLL01$h1201
=CAT  \\$a12569$b40$c20070611$lBLL01$h1228
=CAT  \\$aBATCH$b00$c20091216$lBLL01$h2239
=CAT  \\$a9572$b40$c20130925$lBLL01$h0951
=CAT  \\$aWR16_021$c20160609$lBLL01$h1943
=CAT  \\$a5194$b40$c20160927$lBLL01$h1137
=FIN  \\$aY$d20051128
=LDO  \\$aCIP
=LEO  \\$aMP5.0000371972
=LEO  \\$aMP5.0000371988
=SRC  \\$aLDS01$bbiblm.200404.2.aa
=SRC  \\$aBNB03$bbibmp5.200404.2.aa
=LAS  \\$a5194$b40$c20160927$lBLL01$h1137

