=LDR  01820 am a2200481ua 4500
=001  006987819
=003  Uk
=005  20130429092035.0
=008  741222s1962\\\\enk\\\\\\\\\\\100\0\eng\\
=FMT  \\$a  BK
=015  \\$aGB6213604$2bnb
=019  y\$aB6213604
=019  9\$ab6213604
=019  0\$as113704003
=019  a\$aG00640671
=040  \\$aUk$cUk
=082  04$a371.39445$218
=084  \\$aAJ 73$2blsrissc
=111  2\$aConference on Application of Digital Computers to Automated Instruction$d(1961 :$cWashington)
=CNF  \\$aProgrammed learning computer based instruction$d(1961 Oct :$cWashington, DC)
=245  10$aProgrammed learning and computer-based instruction :$bproceedings of the Conference on Application of Digital Computers to Automated Instruction, October, 1961 /$cJohn E. Coulson, editor.
=260  \\$aNew York ;$aLondon :$bWiley,$c1962.
=300  \\$a306 p. ;$c24 cm.
=336  \\$atext$2rdacontent
=337  \\$aunmediated$2rdamedia
=338  \\$avolume$2rdacarrier
=500  \\$aCo-sponsored by Personnel and Training Branch and Information Systems Branch of the Office of Naval Research and System Development Corporation.
=700  1\$aCoulson, John E.
=710  1\$aUnited States.$bOffice of Naval Research.
=852  11$aBritish Library$bSTI$cRES$k(B)$mAJ 73
=852  41$aBritish Library$bDSC$jW38/8002
=CAT  \\$aCONV$b00$c20040425$lBLL90$h0519
=CAT  \\$aCONV$b00$c20040502$lBLL01$h1206
=CAT  \\$aglobal_upd$b40$c20060417$lBLL01$h0310
=CAT  \\$a6537$b40$c20130429$lBLL01$h0920
=FIN  \\$aY
=LEO  \\$aMP2.0000182972
=LEO  \\$aMP8.0000260542
=LEO  \\$aMP26.0000016548
=SRC  \\$aDSC01$bbibmp8.200404.2.aa
=SRC  \\$aBNB01$bbibmp2.200404.2.aa
=SRC  \\$aSRI02$bbibmp26.200404.2.aa
=LAS  \\$a6537$b40$c20130429$lBLL01$h0920

