=LDR  02601pam a2200673 a 4500
=001  007043102
=003  Uk
=005  20050713142902.0
=008  030305s2004\\\\enkabc\\\b\\\\001\0\eng\\
=FMT  \\$a  BK
=010  \\$a2003046150
=015  \\$aGBA3W4716$2bnb
=016  7\$a007043102$2Uk
=019  y\$abA3W4716
=019  9\$a0714653160
=020  \\$a0714653160 (v. 1) :$c£45.00
=020  \\$a0714653144 (v. 2) :$c£45.00
=039  0\$a2748
=040  \\$aStDuBDS$dUk
=042  \\$aukblsr
=082  04$a940.548641$222
=100  10$aRichards, Brooks.
=245  10$aSecret flotillas /$cBrooks Richards ; foreword by M.R.D. Foot.
=250  \\$a2nd ed.
=260  \\$aLondon :$bWhitehall History Publishing in association with Frank Cass,$c2004.
=300  \\$a2 v. :$bill., maps, ports. ;$c25 cm.
=336  \\$atext$2rdacontent
=337  \\$aunmediated$2rdamedia
=338  \\$avolume$2rdacarrier
=490  1\$aWhitehall histories: Government official history series,$x1474-8398
=500  \\$aPrevious ed.: published as 1 vol. London: H.M.S.O., 1996.
=505  0\$av. 1, Clandestine sea operations to Brittany, 1940-1944 -- v. 2, Clandestine sea operations in the Mediterranean, North Africa and the Adriatic, 1940-1944.
=504  \\$aIncludes bibliographical references and index.
=610  10$aGreat Britain.$bRoyal Navy$xHistory$yWorld War, 1939-1945.
=650  \0$aWorld War, 1939-1945$xCampaigns$zFrance$zBrittany.
=650  \0$aWorld War, 1939-1945$xCampaigns$zAfrica, North.
=650  \0$aWorld War, 1939-1945$xCampaigns$zMediterranean Region.
=650  \0$aWorld War, 1939-1945$xCampaigns$zAdriatic Region.
=650  \0$aWorld War, 1939-1945$xNaval operations, British.
=830  \0$aGovernment official history series.
=852  41$aBritish Library$bDSC$jm05/.27036$ivol. 2
=852  41$aBritish Library$bDSC$jm05/.27035$ivol. 1
=852  41$aBritish Library$bHMNTS$jYC.2005.b.32$ivol. 1
=852  41$aBritish Library$bHMNTS$ivol. 2
=CAT  \\$aCONV$b00$c20040425$lBLL90$h0536
=CAT  \\$aCONV$b00$c20040502$lBLL01$h1208
=CAT  \\$a10932$b40$c20050107$lBLL01$h1504
=CAT  \\$a9666$b40$c20050110$lBLL01$h1010
=CAT  \\$a10746$b40$c20050713$lBLL01$h1429
=CAT  \\$aBATCH$b00$c20091207$lBLL01$h0325
=CAT  \\$aWR16_021$c20160609$lBLL01$h1944
=CAT  \\$aBATCH-UPD$b00$c20160609$lBLL01$h2031
=FIN  \\$aY$d20050107
=LDO  \\$aCIP
=LEO  \\$aMP5.0000203027
=LEO  \\$aMP5.0000203026
=SRC  \\$aBNB03$bbibmp5.200404.2.aa
=SRC  \\$aLDS01$bbiblm.200404.2.aa
=LAS  \\$aBATCH-UPD$b00$c20160609$lBLL01$h2031

