=LDR  03942cas a2201009 a 4500
=001  007075653
=003  Uk
=005  20221231181747.0
=006  ac\\\|||||||||||||
=007  ta
=008  990507c19989999stkar\\\\\\\\\0\\\a0eng\\
=FMT  \\$a  SE
=015  \\$aGB9936559$2bnb
=019  y\$ab9936559
=019  9\$ab9936559
=019  0\$as647877007
=019  c\$a2576995
=022  0\$a1467-1581$202
=039  0\$a2540
=040  \\$aUk$cUk$dUk
=042  \\$aissnuk
=082  04$a332.02402$221
=110  2\$aMoney Advice Scotland.
=210  0\$aAnnu. rep. - Money Advice Scotl.
=222  \0$aAnnual report - Money Advice Scotland
=240  10$aAnnual report (Money Advice Scotland)
=245  10$aAnnual report /$cMoney Advice Scotland.
=260  \\$aGlasgow :$bMoney Advice Scotland,$c[1998?]-
=300  \\$av. :$bports. ;$c30 cm.
=336  \\$atext$2rdacontent
=337  \\$aunmediated$2rdamedia
=338  \\$avolume$2rdacarrier
=362  0\$a1997/98-
=500  \\$aDescription based on: 1997/98 issue.
=595  \\$aFORMERLY 1502.53655N.
=540  \\$aCurrent Copyright Fee: GBP25.00$c0$5Uk
=610  20$aMoney Advice Scotland$vPeriodicals.
=690  7\$aManagement and Business Studies$2blcoll
=710  2\$aMoney Advice Scotland.$tAnnual report and accounts.
=780  00$aMoney Advice Scotland.$sAnnual report and accounts (Money Advice Scotland)
=852  41$aBritish Library$bHMNTS$jZK.9.b.11819$31997/98-
=852  71$aBritish Library$bSTI$2blsrissc
=945  \\$aANNUAL REPORT- MONEY ADVICE SCOTLAND.
=979  \\$aBritish Library$bDSC$j1355.480000N$xDSC, not selected
=985  \\$aRecord merged by DQ team
=CAT  \\$aCONV$b00$c20040425$lBLL90$h0616
=CAT  \\$aCONV$b00$c20040502$lBLL01$h1209
=CAT  \\$aUE-01$b00$c20041103$lBLL01$h1155
=CAT  \\$aBATCH$b00$c20090517$lBLL01$h1805
=CAT  \\$aBATCH$b00$c20091118$lBLL01$h2237
=CAT  \\$a8456$b40$c20130821$lBLL01$h0955
=CAT  \\$a8456$b40$c20130821$lBLL01$h1000
=CAT  \\$aBATCH-CLA$c20131213$lBLL01$h1954
=CAT  \\$aIPL-CLA$c20131231$lBLL01$h1826
=CAT  \\$aWR14_140$c20140905$lBLL01$h1712
=CAT  \\$aBATCH-CLA$b00$c20161222$lBLL01$h1650
=CAT  \\$aBATCH-UPD$b00$c20161223$lBLL01$h1020
=CAT  \\$aIPL-CLA$c20161230$lBLL01$h1753
=CAT  \\$aBATCH-CLA$b00$c20171222$lBLL01$h1944
=CAT  \\$aIPL-CLA$c20171231$lBLL01$h1330
=CAT  \\$aBATCH-CLA$b00$c20191219$lBLL01$h1615
=CAT  \\$aIPL-CLA$c20191231$lBLL01$h1705
=CAT  \\$aR2001-1524$c20200127$lBLL01$h1920
=CAT  \\$aBATCH-CLA$b00$c20201204$lBLL01$h1410
=CAT  \\$aIPL-CLA$c20201231$lBLL01$h1900
=CAT  \\$aBATCH-CLA$b00$c20221221$lBLL01$h1713
=CAT  \\$aIPL-CLA$c20221231$lBLL01$h1817
=CFI  0\$aCurrent Copyright Fee: GBP25.00$c0$e01-jan-2023$fGBP25.00$g0$hA$5Uk
=CFI  2\$aPrevious Copyright Fee: GBP22.50$c0$e01-jan-2021$fGBP22.50$g0$hA$5Uk
=FIN  \\$aY
=LEO  \\$aMP5.0001509113
=LEO  \\$aMP25.0000330601
=LEO  \\$aMP22.0000061574
=LEO  \\$aMP10.0000061005
=LKR  \\$aPAR$b010458340$lBLL01$r78000$mAnnual report (Money Advice Scotland)$nAnnual report and accounts (Money Advice Scotland)
=SRC  \\$aBNB03$bbibmp5.200404.2.ac
=SRC  \\$aSRI01$bbibmp25.200404.2.aa
=SRC  \\$aISN01$bbibmp22.200404.2.aa
=SRC  \\$aDSS01$bbibmp10.200404.2.aa
=TCO  \\$aCLA$bCLA$c008
=ACF  \\$aPrevious copyright fee: GBP10.50$c0$e01-jan-2011$fGBP10.50$g0$hA$5Uk
=ACF  \\$aPrevious copyright fee: GBP12.00$c0$e01-jan-2012$fGBP12.00$g0$hA$5Uk
=ACF  \\$aPrevious Copyright Fee: GBP12.30$c0$e01-jan-2014$fGBP12.30$g0$hA$5Uk
=ACF  \\$aPrevious Copyright Fee: GBP15.00$c0$e01-jan-2017$fGBP15.00$g0$hA$5Uk
=ACF  \\$aPrevious Copyright Fee: GBP17.50$c0$e01-jan-2018$fGBP17.50$g0$hA$5Uk
=ACF  \\$aPrevious Copyright Fee: GBP20.00$c0$e01-jan-2020$fGBP20.00$g0$hA$5Uk
=LAS  \\$aIPL-CLA$b00$c20221231$lBLL01$h1817

