=LDR  01907cam a2200553 u 4500
=001  007117174
=003  Uk
=005  20220331211716.0
=008  950111s1995\\\\paua\\\\\b\\\\001\0\eng\\
=FMT  \\$a  BK
=010  \\$a   95003232 
=015  \\$aGBA729856$2bnb
=016  7\$a007117174$2Uk
=019  g\$aadv0101316976
=019  a\$aG02424503
=020  \\$a0898713420 (pbk.) :$cNo price
=040  \\$aDLC$cDLC$dUk
=042  \\$aukblcatcopy
=050  00$aQA403.5$b.B75 1995
=082  00$a515.723$220
=100  1\$aBriggs, William L.
=245  14$aThe DFT :$ban owner's manual for the discrete Fourier transform /$cWilliam L. Briggs, Van Emden Henson.
=260  \\$aPhiladelphia, Pa. :$bSociety for Industrial and Applied Mathematics,$cc1995.
=300  \\$axv, 434 p. :$bill. ;$c26 cm.
=336  \\$atext$2rdacontent
=337  \\$aunmediated$2rdamedia
=338  \\$avolume$2rdacarrier
=504  \\$aIncludes bibliographical references and index.
=540  \\$aCurrent Copyright Fee: GBP25.00$c0$5Uk
=650  \0$aFourier transformations.
=700  1\$aHenson, Van Emden.
=852  71$aBritish Library$bSTI$2blsrissc
=852  41$aBritish Library$bDSC$j96/27012
=966  \\$lACQUIS 19/06/96
=CAT  \\$aCONV$b00$c20040425$lBLL90$h0643
=CAT  \\$aCONV$b00$c20040502$lBLL01$h1210
=CAT  \\$aglobal_upd$b40$c20060417$lBLL01$h0338
=CAT  \\$a10883$b40$c20070423$lBLL01$h1155
=CAT  \\$a10883$b40$c20070423$lBLL01$h1157
=CAT  \\$aBATCH$b00$c20091207$lBLL01$h0346
=CAT  \\$aWR16_021$c20160609$lBLL01$h1945
=CAT  \\$aBATCH-CLAB$c20220330$lBLL01$h1626
=CAT  \\$aIPL-CLA$c20220331$lBLL01$h2117
=CFI  0\$aCurrent Copyright Fee: GBP25.00$c0$e01-apr-2022$fGBP25.00$g0$hC$5Uk
=FIN  \\$aY$d20070423
=LEO  \\$aMP8.0001121175
=SRC  \\$aDSC01$bbibmp8.200404.2.ab
=SRC  \\$aBLL02$bpart.2.as
=LAS  \\$aIPL-CLA$b00$c20220331$lBLL01$h2117

