=LDR  02256 am a2200589ui 4500
=001  008634697
=003  Uk
=005  20091209022800.0
=008  700824|19701965xxu\\\\\|b\\\\001\|\eng\\
=FMT  \\$a  BK
=019  1\$alc76098639
=019  u\$aG11397700
=020  \\$a0838930980
=040  \\$aUk$cUk
=043  \\$an-us---$ae-gx---
=050  00$aZ473
=082  04$a830/.997/3$219
=082  04$a016.8309973$219
=100  1\$aCazden, Robert E.$q(Robert Edgar),$d1930-2002
=245  10$aGerman exile literature in America, 1933-1950 :$ba history of the free German press and book trade /$c[by] Robert E. Cazden.
=260  \\$aChicago :$bAmerican Library Association,$c1970 [c1965]
=300  \\$axi, 250 p. ;$c25 cm.
=336  \\$atext$2rdacontent
=337  \\$aunmediated$2rdamedia
=338  \\$avolume$2rdacarrier
=500  \\$a: A revision of the author's thesis, University of Chicago, published under title: The free German and free Austrian press and booktrade in the United States, 1933-1950.
=500  \\$aIncludes index.
=500  \\$aIncludes lists of newspaper, periodicals, books and pamphlets published in the U.S.A, 1933-50, together with a list of retail distributors.
=504  \\$aBibliography: p. 216-234.
=597  \\$aDLC$b76098639 //r953
=650  \0$aBook industries and trade$zUnited States$xHistory.
=650  \0$aGerman literature$zForeign countries.
=852  4\$aBritish Library$bDSC$xA70/4795
=852  4\$aBritish Library$bDSC$j76/45456
=852  41$aBritish Library$bHMNTS$j2719.x.15451
=852  41$aBritish Library$bDSC$j76/45456
=CAT  \\$aCONV$b00$c20040425$lBLL90$h0732
=CAT  \\$aCONV$b00$c20040502$lBLL01$h1258
=CAT  \\$aglobal_upd$b40$c20060417$lBLL01$h1637
=CAT  \\$a5194$b40$c20070404$lBLL01$h1548
=CAT  \\$a5194$b40$c20070404$lBLL01$h1556
=CAT  \\$aUCB-HOL$b00$c20070918$lBLL01$h1615
=CAT  \\$aBATCH$b00$c20070918$lBLL01$h2009
=CAT  \\$aBATCH$b00$c20071129$lBLL01$h0108
=CAT  \\$aBATCH$b00$c20091209$lBLL01$h0228
=FIN  \\$aY
=LEO  \\$aMP13.0000568120
=LEO  \\$aMP34.0000516941
=SRC  \\$aHSS01$bbibmp13.200404.2.ab
=SRC  \\$aUCB01$bbibmp34.200404.2.aa
=SRC  \\$aUCB 2007
=LAS  \\$aBATCH$b00$c20091209$lBLL01$h0228

