=LDR  01538 am a2200481ui 4500
=001  008640059
=003  Uk
=005  20091209023000.0
=008  740802s1973\\\\ii\\\\\||b\\\\000\||eng\d
=FMT  \\$a  BK
=010  \\$a73906942
=019  2\$aoc01009251
=040  \\$aDLC$cDLC$dBLB$dUk
=043  \\$aa-ii---$aee-----
=050  00$aHF3788.E8
=082  04$a382/.0954/047
=100  1\$aChishti, Sumitra.
=245  10$aIndia's trade with East Europe.
=260  \\$aNew Delhi :$bIndian Institute of Foreign Trade,$c1973.
=300  \\$axiii, 118 p. ;$c23 cm.
=336  \\$atext$2rdacontent
=337  \\$aunmediated$2rdamedia
=338  \\$avolume$2rdacarrier
=504  \\$aIncludes bibliographical references.
=651  \0$aIndia$xCommerce$zEurope, Eastern.
=651  \0$aEurope, Eastern$xCommerce$zIndia.
=690  7\$aManagement and Business Studies$2blcoll
=886  2\$2blmarc$a967$b00$gx
=852  4\$aBritish Library$bDSC$x82/31198
=852  41$aBritish Library$bOC$jT 28011
=CAT  \\$aCONV$b00$c20040425$lBLL90$h0732
=CAT  \\$aCONV$b00$c20040502$lBLL01$h1259
=CAT  \\$aglobal_upd$b40$c20060417$lBLL01$h1637
=CAT  \\$aUCB-HOL$b00$c20070918$lBLL01$h1615
=CAT  \\$aBATCH$b00$c20070918$lBLL01$h2009
=CAT  \\$aBATCH$b00$c20071129$lBLL01$h0109
=CAT  \\$aBATCH$b00$c20090527$lBLL01$h1807
=CAT  \\$aBATCH$b00$c20091209$lBLL01$h0230
=FIN  \\$aY
=LEO  \\$aMP13.0000573667
=SRC  \\$aHSS01$bbibmp13.200404.2.ab
=SRC  \\$aUCB 2007
=LAS  \\$aBATCH$b00$c20091209$lBLL01$h0230

