=LDR  02873cam a22006133a 4500
=001  004968346
=003  Uk
=005  20220225182320.0
=008  981015|1964\\\\xxu\\\\||\\\\||||\||eng\\
=FMT  \\$a  BK
=019  4\$am160056063
=040  \\$aUk$cUk
=052  7\$a912.167$2ddc
=245  00$aAntarctic Map Folio Series.
=264  \1$aNew York :$bAmerican Geographical Society,$c1964-1968.
=300  \\$c44 x 28 cm
=336  \\$atext$2rdacontent
=337  \\$aunmediated$2rdamedia
=338  \\$avolume$2rdacarrier
=580  \\$aPart title: Antarctic Map Folio Series. Fol. 1: Aeronomical maps for the Antarctic. pl. 8. 1964.
=580  \\$aPart title: Antarctic Map Folio Series. Fol. 2: Physical characteristics of the Antarctic ice sheet. pl. 10. 1964.
=580  \\$aPart title: Antarctic Map Folio Series. Fol. 3: Antarctic maps and surveys. pl. II. 1965.
=580  \\$aPart title: Antarctic Map Folio Series. Fol. 4: The Antarctic Atmosphere: Climatology of the Troposphere and Lower Stratosphere. pl. 8. 1966.
=580  \\$aPart title: Antarctic Map Folio Series. Fol. 5: Terrestrial Life of Antarctica. pl. 11. 1967.
=580  \\$aPart title: Antarctic Map Folio Series. Fol. 6: Structure of Antarctic Waters between 20º W and 170º W. pl. 14. 1967.
=580  \\$aPart title: Antarctic Map Folio Series. Fol. 7: Glaciers of the Antarctic. pl. 4. 1967.
=580  \\$aPart title: Antarctic Map Folio Series. Fol. 8: The Antarctic Atmosphere; Climatology of the Surface Environment. p. 13. 1967.
=580  \\$aPart title: Antarctic Map Folio Series. Fol. 9: Magnetic and Gravity Maps of the Antarctic. pl. 9. 1968.
=651  \7$aANTARCTIC CONTINENT AND OCEAN -$vAtlases$y1964-1968.$2blmlsh
=787  0\$w(Uk)MP17.0000163883.0.1
=787  0\$w(Uk)MP17.0000163883.0.2
=787  0\$w(Uk)MP17.0000163883.0.3
=787  0\$w(Uk)MP17.0000163883.0.4
=787  0\$w(Uk)MP17.0000163883.0.5
=787  0\$w(Uk)MP17.0000163883.0.6
=787  0\$w(Uk)MP17.0000163883.0.7
=787  0\$w(Uk)MP17.0000163883.0.8
=787  0\$w(Uk)MP17.0000163883.0.9
=883  0\$aLanguage codes assigned by Bayesian analysis of words present in record$d20201028$qUk$c0.9010
=852  41$aBritish Library$bMAPS$m[Another copy of Folio 3]
=852  41$aBritish Library$bMAPS$jMaps 196.d.28.
=958  \\$aMaps 50.f.1.
=985  \\$aDisaggregated record: Type C
=985  \\$aCorrected by MS generated file for WR# 1805-0738
=CAT  \\$aCONV$b00$c20040502$lBLL01$h1044
=CAT  \\$aglobal_upd$b40$c20060416$lBLL01$h1844
=CAT  \\$aBATCH$b00$c20091112$lBLL01$h2230
=CAT  \\$a1805-0738$c20181214$lBLL01$h1826
=CAT  \\$a1805-0738$b00$c20181214$lBLL01$h1901
=CAT  \\$aW2201-1476$b00$c20220225$lBLL01$h1823
=FIN  \\$aY
=LEO  \\$aMP17.0000163883
=SRC  \\$aMAP01$bbibmp17.200404.2.aa
=LAS  \\$aW2201-1476$b00$c20220225$lBLL01$h1823

