=LDR  03039 cm a2200721 a 4500
=001  005256206
=003  Uk
=005  20090513094839.0
=006  ah\\\|||||||||||||
=008  861114s1986\\\\gw\opa\\\i\\\\\n\\\\ita\\
=FMT  \\$a  MU
=010  \\$a86754935
=019  3\$amu8760221
=019  m\$aM09160414
=024  2\$aM006546718 (Cricital commentary : Leinen)
=024  2\$aM006546701 (Critical commentary : kartoniert)
=028  32$aBA 4590$bBärenreiter
=035  \\$a(CStRLIN)DCLC86754935-C
=039  0\$a8702
=040  \\$aDLC$cDLC$dDLC$dCStRLIN$dUk
=041  0\$aita$gger
=050  00$aM3$b.M896 Ser. II, Werkgr. 5, Bd. 7$aM1500
=082  04$a782.1$222
=100  1\$aMozart, Wolfgang Amadeus,$d1756-1791.
=245  10$aLucio Silla :$b[Dramma per musica in drei Akten] /$cWolfgang Amadeus Mozart ; [Text von Giovanni de Gamerra] ; vorgelegt von Kathleen Kuzmick Hansell.
=260  \\$aKassel ;$aLondon :$bBärenreiter,$c1986.
=300  \\$a1 score (2 v.) :$bfacsims. ;$c33 cm. +$e1 critical commentary (175 p. : music, ill. facsims. ; 24 cm.)
=336  \\$anotated music$2rdacontent
=337  \\$aunmediated$2rdamedia
=338  \\$avolume$2rdacarrier
=490  1\$aNeue Ausgabe sämtlicher Werke / Wolfgang Amadeus Mozart. Ser. 2: Bühnenwerke ; Werkgruppe 5: Opern und Singspiele ;$vBd. 7
=546  \\$aItalian text.
=500  \\$a"In verbindung mit den Mozartstädten Augsburg, Salzburg und Wien herausgegeben von der Internationalen Stiftung Mozarteum Salzburg"--Series t.p.
=500  \\$aAt head of title: Bühnenwerke.
=500  \\$aCritical commentary edited by Kathleen Kuzmick Hansell and Martina Hochreiter (Kassel ; London : Bärenreiter, 2007).
=650  \0$aOperas$vScores.
=700  1\$aHansell, Kathleen Kuzmick,$d1941-
=700  1\$aDe Gamerra, Giovanni,$d1743-1803.
=700  1\$aHochreiter, Martina.
=710  2\$aInternationale Stiftung Mozarteum Salzburg.
=800  1\$aMozart, Wolfgang Amadeus,$d1756-1791.$tWorks.$f1955 ;$vSer. 2, Werkgruppe 5, Bd. 7.
=852  41$aBritish Library$bDSC$cMUSIC$jmH05/1639$iCommentary
=852  41$aBritish Library$bMUSIC$jH.698.b./2/5/7
=852  \\$aBritish Library$bDSC$cMUSIC
=852  41$aBritish Library$bDSC$cMUSIC$jH03/1769$iScore Teilband 2
=852  41$aBritish Library$bDSC$cMUSIC$jH03/1768$iScore Teilband 1
=852  41$aBritish Library$bMUSIC$jN.12./2/5/7
=957  \\$ap860830
=957  \\$ap870331
=CAT  \\$aCONV$b00$c20040502$lBLL01$h1052
=CAT  \\$aglobal_upd$b40$c20060416$lBLL01$h2018
=CAT  \\$a8964$b40$c20070115$lBLL01$h1437
=CAT  \\$aBATCH-UPD$b40$c20070608$lBLL01$h2139
=CAT  \\$a12418$b40$c20080627$lBLL01$h1220
=CAT  \\$a12418$b40$c20080627$lBLL01$h1221
=CAT  \\$a12418$b40$c20090513$lBLL01$h0948
=CAT  \\$aBATCH$b00$c20091205$lBLL01$h2304
=FIN  \\$aY$d20080627
=LEO  \\$aMP14.0000233999
=SID  \\$aZ39$bOXFORD
=SRC  \\$aCMC01$bbibmp14.200404.2.aa
=SRC  \\$aDSC Music (UCM)$b20090327
=LAS  \\$aBATCH$b00$c20091205$lBLL01$h2304

