=LDR  01717 cm a2200481ua 4500
=001  005273340
=003  Uk
=005  20110415144443.0
=008  930601s1991\\\\enk||a\||||||||||\\\eng\\
=FMT  \\$a  MU
=019  3\$amu9306390
=020  \\$a0711927650 :$c£4.95
=028  32$aAM86160$bWise Publications
=039  0\$a9302
=040  \\$aUk$cUk
=082  04$a783.242164$220
=084  \\$aKDW/GBB$2bcmc
=100  1\$aCochran, Eddie,$d1938-1960.
=240  10$aSongs.$kSelections
=245  14$aThe essential Eddie Cochran /$c[compiled by Peter Evans] ; [arranged by Roger Day].
=260  \\$aLondon :$bWise Publications,$cc1991.
=300  \\$a1 score (40p) ;$c31cm.
=336  \\$anotated music$2rdacontent
=337  \\$aunmediated$2rdamedia
=338  \\$avolume$2rdacarrier
=500  \\$aSongs.
=500  \\$aPubl. no. AM86160.
=505  0\$aC'mon everybody -- Cut across Shorty -- Completely sweet -- Drive-in show -- Milk cow blues -- Nervous breakdown -- Sittin' in the balcony -- Skinny Jim -- Summertime blues -- Three stars -- Twenty flight rock -- Weekend -- Three steps to heaven.
=653  \\$aPopular songs for solo voice with piano
=700  1\$aEvans, Peter,$d1953-
=700  1\$aDay, Roger.
=852  41$aBritish Library$bDSC$cMUSIC
=852  41$aBritish Library$bMUSIC$jG.296.ll.(4.)$oG
=957  \\$ac910704
=CAT  \\$aCONV$b00$c20040502$lBLL01$h1052
=CAT  \\$aglobal_upd$b40$c20060416$lBLL01$h2024
=CAT  \\$aBATCH$b00$c20091125$lBLL01$h0147
=CAT  \\$a8870$b40$c20110415$lBLL01$h1442
=CAT  \\$a8870$b40$c20110415$lBLL01$h1444
=FIN  \\$aY
=LEO  \\$aMP14.0000251133
=SRC  \\$aCMC01$bbibmp14.200404.2.aa
=LAS  \\$a8870$b40$c20110415$lBLL01$h1444

