=LDR  02075 am a2200505 i 4500
=001  005346663
=003  Uk
=005  20200619192502.0
=008  970408s1933\\\\enka\\\\\\\\\\000\0\eng\\
=FMT  \\$a  BK
=019  0\$as072597003
=040  \\$aUk$beng$cUk$erda$edcrmb
=042  \\$aukblsr
=082  04$a338.7669142072042821$223
=084  \\$aND 154$2blsrissc
=110  2\$aEnglish Steel Corporation,$eauthor.
=245  14$aThe metallurgical and research laboratories, English Steel Corporation Ltd. :$bincorporates the steel interests of Vickers-Armstrongs (at Sheffield and Openshaw) and Cammell Laird.
=264  \1$aSheffield, England :$bMain Laboratories, Vickers Works,$c[1933?]
=264  \3$aRotherham [England] :$bHenry Garnett Co. Ltd.
=300  \\$a28 pages, 1 unnumbered page :$billustrations (black and white) ;$c22 x 28 cm (8º)
=336  \\$atext$2rdacontent
=336  \\$astill image$2rdacontent
=337  \\$aunmediated$2rdamedia
=338  \\$avolume$2rdacarrier
=500  \\$aPrinter's name from end of text.
=610  20$aEnglish Steel Corporation$xResearch$zEngland$zSheffield.
=650  \0$aSteel$xMetallurgy$xResearch$zEngland$zSheffield.
=690  7\$aManagement and Business Studies$2blcoll
=710  1\$aGreat Britain.$bPatent Office.$bLibrary,$eformer owner.$5Uk
=852  41$aBritish Library$bHMNTS$jLD.31.a.2874
=852  71$aBritish Library$bSTI$cRES$kTrade Literature Collection$2blsrissc
=985  \\$aCorrected by MS generated file for WR# 1805-0738
=CAT  \\$aCONV$b00$c20040502$lBLL01$h1057
=CAT  \\$aBATCH$b00$c20091205$lBLL01$h2306
=CAT  \\$a12167$b40$c20171011$lBLL01$h1331
=CAT  \\$aBATCH-MBS$c20171020$lBLL01$h2142
=CAT  \\$a9665$b40$c20171120$lBLL01$h1142
=CAT  \\$a1805-0738$c20181214$lBLL01$h1828
=CAT  \\$a1805-0738$b00$c20181214$lBLL01$h1903
=CAT  \\$a11948$b40$c20190206$lBLL01$h1246
=CAT  \\$aW2001-2376$c20200619$lBLL01$h1925
=FIN  \\$aY
=LEO  \\$aMP26.0000001112
=SRC  \\$aSRI02$bbibmp26.200404.2.aa
=LAS  \\$aW2001-2376$b00$c20200619$lBLL01$h1925

