=LDR  01767aam a2200481 i 4500
=001  005347716
=003  Uk
=005  20200619192516.0
=008  970408s1935\\\\moua\\\\\\\\\\000\0\eng\\
=FMT  \\$a  BK
=019  0\$as07552600x
=040  \\$aUk$beng$cUk$erda
=042  \\$aukblsr
=082  04$a666.72$223
=084  \\$aMV 70$2blsrissc
=110  2\$aA.P. Green Fire Brick Co.,$eauthor.
=245  10$aSilver anniversary 1910-1935.
=246  13$aTwenty-five years of progress
=264  \1$aMexico, Missouri, USA :$bA. P. Green Fire Brick Co.,$c[1935]
=300  \\$a2 unnumbered pages, 11 pages, 1 unnumbered page :$billustrations (black and white) ;$c28 cm (8º)
=336  \\$atext$2rdacontent
=337  \\$aunmediated$2rdamedia
=338  \\$avolume$2rdacarrier
=610  20$aA.P. Green Fire Brick Co.$xHistory.
=710  1\$aGreat Britain.$bPatent Office.$bLibrary,$eformer owner.$5Uk
=852  41$aBritish Library$bHMNTS$jYD.2019.b.101
=852  71$aBritish Library$bSTI$cRES$kTrade Literature Collection$2blsrissc
=985  \\$aCorrected by MS generated file for WR# 1805-0738
=CAT  \\$aCONV$b00$c20040502$lBLL01$h1057
=CAT  \\$aBATCH$b00$c20091205$lBLL01$h2307
=CAT  \\$a12167$b44$c20170926$lBLL01$h1415
=CAT  \\$aLEVEL99$b40$c20170926$lBLL01$h1453
=CAT  \\$a12167$b40$c20170926$lBLL01$h1537
=CAT  \\$a12167$b40$c20170926$lBLL01$h1602
=CAT  \\$a9665$b40$c20171013$lBLL01$h1351
=CAT  \\$a1805-0738$c20181214$lBLL01$h1828
=CAT  \\$a1805-0738$b00$c20181214$lBLL01$h1903
=CAT  \\$a11948$b40$c20190206$lBLL01$h1433
=CAT  \\$aW2001-2376$c20200619$lBLL01$h1925
=FIN  \\$aY
=LEO  \\$aMP26.0000002165
=SRC  \\$aSRI02$bbibmp26.200404.2.aa
=LAS  \\$aW2001-2376$b00$c20200619$lBLL01$h1925

