=LDR  01541 am a2200409 i 4500
=001  005347861
=003  Uk
=005  20190307163332.0
=008  970114s1934\\\\sz\a\\\\\\\\\|0|0\0|ger\\
=FMT  \\$a  BK
=019  0\$as076003000
=040  \\$aUk$beng$cUk$erda
=042  \\$aukblsr
=082  04$a665.81$223
=084  \\$aSK 65$2blsrissc
=245  00$aSauerstoff- und Wasserstoff-Werke AG Luzern :$bEntstehung und Entwicklung.
=246  13$a25 Jahre S.W.W. Luzern, 1909-1934
=264  \1$aLuzern :$bSauerstoff- und Wasserstoff-Werke, AG Luzern,$cMai 1934.
=300  \\$a68 pages :$billustrations (black and white) ;$c28 cm
=336  \\$atext$2rdacontent
=337  \\$aunmediated$2rdamedia
=338  \\$avolume$2rdacarrier
=610  20$aSauerstoff- & Wasserstoff-Werke AG. Luzern$xHistory.
=650  \0$aHydrogen industry$zSwitzerland$zLucerne$xHistory.
=650  \0$aOxygen$xIndustrial applications$zSwitzerland$zLucerne$xHistory.
=710  2\$aSauerstoff- & Wasserstoff-Werke AG. Luzern,$epublisher.
=710  1\$aGreat Britain.$bPatent Office.$bLibrary,$eformer owner.$5Uk
=852  41$aBritish Library$bHMNTS$jYF.2019.b.302
=852  71$aBritish Library$bSTI$cRES$kTrade Literature Collection$2blsrissc
=CAT  \\$aCONV$b00$c20040502$lBLL01$h1057
=CAT  \\$aBATCH$b00$c20091205$lBLL01$h2307
=CAT  \\$a11069$b40$c20170824$lBLL01$h1532
=CAT  \\$a11948$b40$c20190307$lBLL01$h1633
=FIN  \\$aY
=LEO  \\$aMP26.0000002310
=SRC  \\$aSRI02$bbibmp26.200404.2.aa
=LAS  \\$a11948$b40$c20190307$lBLL01$h1633

