=LDR  01648 am a2200445 i 4500
=001  005350015
=003  Uk
=005  20190307163100.0
=008  970304s1934\\\\gw\a\\\\\\\\\|0|0\0|ger\\
=FMT  \\$a  BK
=019  0\$as081695004
=019  u\$aG11017302
=040  \\$aUk$beng$cUk$erda
=042  \\$aukblsr
=082  04$a615.1900943$223
=084  \\$aLT 306$2blsrissc
=100  1\$aSchlenk, O.,$eauthor.
=245  10$aChemische Fabrik von Heyden Aktiengesellschaft, Radebeul-Dresden, 1874-1934 :$bErinnerungsblätter aus 6 Jahrzehnten /$czusammengestellt von Dr. O. Schlenk, Radebeul.
=246  30$a1874-1934 :$bErinnerungsblätter aus 6 Jahrzehnten
=264  \1$aRadebeul :$bKupky & Dietze,$c1934.
=300  \\$a91 pages :$billustrations (black and white) ;$c27 cm
=336  \\$atext$2rdacontent
=337  \\$aunmediated$2rdamedia
=338  \\$avolume$2rdacarrier
=610  20$aChemische Fabrik von Heyden$xHistory.
=650  \0$aPharmaceutical chemistry$zGermany$zRadebeul$zHistory.
=710  1\$aGreat Britain.$bPatent Office.$bLibrary,$eformer owner.$5Uk
=852  41$aBritish Library$bHMNTS$jYF.2019.b.301
=852  71$aBritish Library$bSTI$cRES$kTrade Literature Collection$2blsrissc
=852  41$aBritish Library$bDSC$jF3/5392
=CAT  \\$aCONV$b00$c20040502$lBLL01$h1057
=CAT  \\$aBATCH$b00$c20091205$lBLL01$h2308
=CAT  \\$a11069$b40$c20170824$lBLL01$h1434
=CAT  \\$a11948$b40$c20190307$lBLL01$h1631
=FIN  \\$aY
=LEO  \\$aMP26.0000004464
=LEO  \\$aMP34.0000347472
=SRC  \\$aSRI02$bbibmp26.200404.2.aa
=SRC  \\$aUCB01$bbibmp34.200404.2.aa
=LAS  \\$a11948$b40$c20190307$lBLL01$h1631

