=LDR  01760aam a2200481 i 4500
=001  005350271
=003  Uk
=005  20200302102450.0
=008  970715s1935\\\\gw\a\\\\\\\\\|0|0\0|ger\\
=FMT  \\$a  BK
=019  0\$as082221006
=040  \\$aUk$beng$cUk$erda
=042  \\$aukblsr
=082  04$a338.767230943$223
=084  \\$aTL 143$2blsrissc
=110  2\$aVereinigte Oberschlesische Hüttenwerke.
=245  10$a150 Jahre Werk Königshuld.
=246  3\$aHundertfünfzig Jahre Werk Königschuld
=264  \1$aGleiwitz :$bVereinigte Oberschlesische Hüttenwerke, A.G.,$c[1935]
=300  \\$a8 pages :$billustrations (black and white) ;$c30 cm
=336  \\$atext$2rdacontent
=337  \\$aunmediated$2rdamedia
=338  \\$avolume$2rdacarrier
=500  \\$aCaption title.
=610  20$aVereinigte Oberschlesische Hüttenwerke.$bWerk Königshuld$xHistory.
=650  \0$aForging industry$zGermany$zUpper Silesia.
=690  7\$aManagement and Business Studies$2blcoll
=710  1\$aGreat Britain.$bPatent Office.$bLibrary,$eformer owner.$5Uk
=852  71$aBritish Library$bSTI$cRES$kTrade Literature Collection$2blsrissc
=852  41$aBritish Library$bHMNTS$jRB.23.b.8258
=CAT  \\$aCONV$b00$c20040502$lBLL01$h1057
=CAT  \\$aBATCH$b00$c20091205$lBLL01$h2308
=CAT  \\$a11069$b40$c20190118$lBLL01$h1510
=CAT  \\$a11069$b40$c20190118$lBLL01$h1523
=CAT  \\$aBATCH-UPD$b40$c20190121$lBLL01$h2043
=CAT  \\$aBATCH-MBS$c20190125$lBLL01$h2108
=CAT  \\$a9665$b40$c20190520$lBLL01$h1214
=CAT  \\$a9665$b40$c20190520$lBLL01$h1219
=CAT  \\$a11405$b40$c20200302$lBLL01$h1024
=FIN  \\$aY
=LEO  \\$aMP26.0000004720
=SRC  \\$aSRI02$bbibmp26.200404.2.aa
=LAS  \\$a11405$b40$c20200302$lBLL01$h1024

