=LDR  01740 am a2200541 a 4500
=001  005580083
=003  Uk
=005  20131129092055.0
=008  700212m19691970enkab\\\|b\\\|001\|\eng\\
=FMT  \\$a  BK
=015  \\$aGB7003828$2bnb
=019  y\$aB7003828
=019  9\$a0950105600
=019  y\$aB7029542
=019  9\$a0950105619
=019  x\$a2572690314
=020  \\$a0950105600 (pt. 1 : pbk) :$c10/-
=020  \\$a0950105619 (pt. 2 : pbk) :$c10/-
=040  \\$aUk$cUk
=082  04$a914.229$218
=100  1\$aPhilip, Kathleen.
=245  10$aReflected in Wantage /$cby Kathleen Philip ; drawings by Beryl Maile.
=260  \\$aWantage :$bMiss K. Philip, M.A,$c[1969-1970]
=300  \\$a2 v. (151 p.) :$bill., 1 col. map ;$c22 cm.
=336  \\$atext$2rdacontent
=337  \\$aunmediated$2rdamedia
=338  \\$avolume$2rdacarrier
=504  \\$aIncludes bibliographical references and index.
=597  \\$aDLC$b72468053/r882
=651  \0$aWantage (England)$xHistory.
=700  1\$aMaile, Beryl.
=852  41$aBritish Library$bHMNTS$jX.809/6877.
=852  41$aBritish Library$bHMNTS$ipt. 1
=852  41$aBritish Library$bHMNTS$jYD.2013.b.1336
=CAT  \\$aCONV$b00$c20040502$lBLL01$h1109
=CAT  \\$aglobal_upd$b40$c20060416$lBLL01$h2039
=CAT  \\$aBATCH-UPD$b40$c20100212$lBLL01$h1707
=CAT  \\$a6989$b40$c20131015$lBLL01$h0920
=CAT  \\$a6989$b40$c20131111$lBLL01$h0958
=CAT  \\$a6989$b40$c20131127$lBLL01$h1525
=CAT  \\$a10962$b40$c20131129$lBLL01$h0920
=FIN  \\$aY
=LEO  \\$aMP2.0000366486
=LEO  \\$aMP2.0000366487
=LEO  \\$aMP1.0003085364
=SRC  \\$aBNB01$bbibmp2.200404.2.aa
=SRC  \\$aBLS01$bbibmp1.200404.2.ad
=LAS  \\$a10962$b40$c20131129$lBLL01$h0920

