=LDR  01949aam a2200565 a 4500
=001  005603327
=003  Uk
=005  20051110134723.0
=008  031020m20039999xxuabc\\\b\\\\001\0\eng\\
=FMT  \\$a  BK
=015  \\$aGBA374282$2bnb
=016  7\$a005603327$2Uk
=019  y\$abA374282
=019  9\$a0534264646
=020  \\$a053426462X (v. 1 : pbk.) :$c£35.00
=020  \\$a0534264646 (v. 2 : pbk.) :$cNo price
=020  \\$a0534264638 (v. 2 : student ed. : pbk.) :$c£30.00
=035  \\$a(UkCU)C3211324
=040  \\$aUkCU$dUk
=042  \\$aukblsr
=082  04$a973$222
=245  00$aLiberty, equality, power :$ba history of the American people /$cJohn M. Murrin ... [et al.].
=250  \\$aConcise 3rd ed.
=260  \\$aBelmont, Calif. ;$aLondon :$bWadsworth,$c2003-c2004.
=300  \\$a2 v. :$bill. (some col.), col. maps, ports. (some col.) ;$c24 cm.
=336  \\$atext$2rdacontent
=337  \\$aunmediated$2rdamedia
=338  \\$avolume$2rdacarrier
=500  \\$aPrevious ed.: Fort Worth, Tex. : Harcourt College, 2001.
=504  \\$aIncludes bibliographical references and index.
=505  0\$av. 1. To 1877 --v. 2. Since 1863.
=651  \0$aUnited States$xHistory.
=700  1\$aMurrin, John M.
=852  41$aBritish Library$bHMNTS$jYC.2005.a.11968$ivol. 2
=852  41$aBritish Library$bHMNTS$jYC.2005.a.12327$ivol. 1
=852  41$aBritish Library$bHMNTS$ivol. 1
=852  41$aBritish Library$bHMNTS$ivol. 1
=CAT  \\$aCONV$b00$c20040502$lBLL01$h1111
=CAT  \\$a11250$b40$c20051110$lBLL01$h1332
=CAT  \\$a11250$b40$c20051110$lBLL01$h1346
=CAT  \\$a11250$b40$c20051110$lBLL01$h1347
=CAT  \\$aWR16_021$c20160608$lBLL01$h1727
=FIN  \\$aY$d20051110
=LDO  \\$aCIP
=LEO  \\$aMP5.0000170646
=LEO  \\$aMP5.0000170644
=LEO  \\$aMP5.0000170645
=SRC  \\$aLDS01$bbiblm.200404.2.aa
=SRC  \\$aBNB03$bbibmp5.200404.2.aa
=LAS  \\$aWR16_021$b00$c20160608$lBLL01$h1727

