=LDR  02117pam a2200601 a 4500
=001  005603346
=003  Uk
=005  20041104072804.0
=008  030829s2004\\\\xxuabc\\\b\\\\001\0\eng\\
=FMT  \\$a  BK
=015  \\$aGBA3U8013$2bnb
=016  7\$a005603346$2Uk
=019  y\$abA3U8013
=019  9\$a0534610668
=019  y\$abA3U8012
=019  9\$a0534610676
=020  \\$a0534610668 (v. 1 : pbk.) :$c£24.99
=020  \\$a0534610676 (v. 2 : pbk.) :$c£24.99
=039  0\$a2758
=040  \\$aStDuBDS$dUk
=042  \\$aukblsr
=082  04$a909.09812$222
=100  1\$aCannistraro, Philip V.,$d1942-
=245  14$aThe Western perspective :$ba history of civilization in the West /$cPhilip V. Cannistraro, John Reich.
=250  \\$a2nd ed.
=260  \\$aBelmont, Calif. ;$aLondon :$bWadsworth/Thomson Learning,$cc2004.
=300  \\$a2 v. :$bill. (some col.), col. maps, ports. (some col.) ;$c28 cm.
=336  \\$atext$2rdacontent
=337  \\$aunmediated$2rdamedia
=338  \\$avolume$2rdacarrier
=500  \\$aPrevious ed.: Fort Worth, Tex. : Harcourt Brace College Publishers, c1999.
=500  \\$aAlso issued as a 3 volume set and as a single volume.
=504  \\$aIncludes bibliographical references and index.
=505  0\$av. 1. Prehistory to the Enlightenment -- v. 2. The Renaissance to the present.
=500  \\$aFormerly CIP.$5Uk
=650  \0$aCivilization, Western$xHistory.
=700  1\$aReich, John J.
=852  41$aBritish Library$bHMNTS$jYK.2004.b.3035$ivol. 1
=852  41$aBritish Library$bHMNTS$ivol. 2
=CAT  \\$aCONV$b00$c20040502$lBLL01$h1111
=CAT  \\$a11317$b40$c20041103$lBLL01$h1403
=CAT  \\$a11317$b40$c20041103$lBLL01$h1435
=CAT  \\$a11317$b40$c20041104$lBLL01$h0728
=CAT  \\$aBATCH-UPD$b40$c20091018$lBLL01$h2030
=CAT  \\$aBATCH$b00$c20091206$lBLL01$h0037
=CAT  \\$aWR16_021$c20160608$lBLL01$h1727
=FIN  \\$aY
=LDO  \\$aCIP
=LEO  \\$aMP5.0000171435
=LEO  \\$aMP5.0000171436
=SRC  \\$aLDS01$bbiblm.200404.2.aa
=SRC  \\$aBNB03$bbibmp5.200404.2.aa
=LAS  \\$aWR16_021$b00$c20160608$lBLL01$h1727

