=LDR  01788 am a2200529 a 4500
=001  005652723
=003  Uk
=005  20080422141902.0
=008  000104s1999\\\\enka\\\\\b\\\\001\0\eng\\
=FMT  \\$a  BK
=015  \\$aGB99V5209$2bnb
=019  y\$ab99V5209
=019  9\$a0197227937
=019  g\$aadv5000954629
=019  a\$aG05885414
=020  \\$a0197227937 :$c£70.00
=020  \\$a9780197227930 :$c£70.00
=040  \\$aStDuBDS$dUk
=082  04$a942.31$221
=100  1\$aCrowley, D. A.$q(Douglas Alfred),$d1944-
=245  12$aA history of the county of Wiltshire /$cedited by D. A. Crowley. Vol. 16, Kinwardstone Hundred.
=260  \\$aOxford :$bOxford University Press,$c1999.
=300  \\$axxi, 263 p., [20] p. of plates :$bill. ;$c31 cm.
=336  \\$atext$2rdacontent
=337  \\$aunmediated$2rdamedia
=338  \\$avolume$2rdacarrier
=490  1\$aThe Victoria history of the counties of England
=504  \\$aIncludes bibliographical references and index.
=650  \0$aAntiquities$zEngland$zWiltshire.
=651  \0$aWiltshire (England)$xHistory.
=830  \4$aThe Victoria history of the counties of England
=852  41$aBritish Library$bDSC$jf942
=852  41$aBritish Library$bHMNTS$jYC.2000.b.77
=852  41$aBritish Library$bHMNTS$cSPHOA
=966  \\$lACQUIS 25/08/2000
=CAT  \\$aCONV$b00$c20040502$lBLL01$h1114
=CAT  \\$a5512$b40$c20080422$lBLL01$h1419
=CAT  \\$aBATCH$b00$c20091216$lBLL01$h2214
=CAT  \\$aBATCH-UPD$b00$c20100212$lBLL01$h1728
=FIN  \\$aY
=LEO  \\$aMP5.0001548300
=LEO  \\$aMP8.0001578383
=LEO  \\$aMP13.0001434992
=SRC  \\$aHSS01$bbibmp13.200404.2.ac
=SRC  \\$aDSC01$bbibmp8.200404.2.ac
=SRC  \\$aBNB03$bbibmp5.200404.2.ac
=LAS  \\$aBATCH-UPD$b00$c20100212$lBLL01$h1728

