=LDR  02423caa a22006133u 4500
=001  005665346
=003  Uk
=005  20221231162021.0
=008  830422s1982\\\\wb\\\\\\|b\\\\000\|\eng\\
=FMT  \\$a  BK
=019  a\$aG00104442
=020  \\$a9027931607
=040  \\$aUk$cUk
=082  0\$a291.4/2/07$219
=100  1\$aAlmond, Philip C.
=245  00$aMystical experience and religious doctrine :$ban investigation of the study of mysticism in world religions /$cPhilip C. Almond.
=260  \\$aBerlin ;$aNew York :$bMouton,$cc1982.
=336  \\$atext$2rdacontent
=337  \\$aunmediated$2rdamedia
=338  \\$avolume$2rdacarrier
=597  \\$aDLC$b83105417
=540  \\$aCurrent Copyright Fee: GBP25.00$c0$5Uk
=650  \0$aMysticism$xStudy and teaching$xHistory.
=650  \0$aMysticism$xComparative studies.
=650  \0$aExperience (Religion)$xComparative studies.
=650  \0$aReligions.
=886  2\$2blmarc$a010$b00$a83105417
=852  41$aBritish Library$bDSC$j7356.453000$iv26
=852  41$aBritish Library$bDSC$iv 26
=945  \\$aReligion and reason ; 26
=CAT  \\$aCONV$b00$c20040502$lBLL01$h1116
=CAT  \\$aglobal_upd$b40$c20060416$lBLL01$h2049
=CAT  \\$aBATCH$b00$c20091206$lBLL01$h0040
=CAT  \\$aBATCH-CLA$b00$c20140810$lBLL01$h1433
=CAT  \\$aBATCH-CLA$b00$c20161222$lBLL01$h1604
=CAT  \\$aIPL-CLA$c20161230$lBLL01$h1523
=CAT  \\$aBATCH-CLA$b00$c20171222$lBLL01$h1851
=CAT  \\$aIPL-CLA$c20171231$lBLL01$h1111
=CAT  \\$aBATCH-CLA$b00$c20191219$lBLL01$h1523
=CAT  \\$aIPL-CLA$c20191231$lBLL01$h1530
=CAT  \\$aBATCH-CLA$b00$c20201204$lBLL01$h1310
=CAT  \\$aIPL-CLA$c20201231$lBLL01$h1657
=CAT  \\$aBATCH-CLA$b00$c20221221$lBLL01$h1606
=CAT  \\$aIPL-CLA$c20221231$lBLL01$h1620
=CFI  0\$aCurrent Copyright Fee: GBP25.00$c0$e01-jan-2023$fGBP25.00$g0$hA$5Uk
=CFI  2\$aPrevious Copyright Fee: GBP22.50$c0$e01-jan-2021$fGBP22.50$g0$hA$5Uk
=FIN  \\$aY
=LEO  \\$aMP8.0000021460
=SRC  \\$aDSC01$bbibmp8.200404.2.aa
=ACF  \\$aPrevious Copyright Fee: GBP12.30$c0$e01-jan-2014$fGBP12.30$g0$hA$5Uk
=ACF  \\$aPrevious Copyright Fee: GBP15.00$c0$e01-jan-2017$fGBP15.00$g0$hA$5Uk
=ACF  \\$aPrevious Copyright Fee: GBP17.50$c0$e01-jan-2018$fGBP17.50$g0$hA$5Uk
=ACF  \\$aPrevious Copyright Fee: GBP20.00$c0$e01-jan-2020$fGBP20.00$g0$hA$5Uk
=LAS  \\$aIPL-CLA$b00$c20221231$lBLL01$h1620

