=LDR  02476caa a22006973u 4500
=001  005667074
=003  Uk
=005  20230908011922.0
=008  821206s1982\\\\enka\\\\|\\\\\001\|\eng\\
=FMT  \\$a  BK
=019  a\$aG00138204
=020  \\$a9024726115
=040  \\$aUk$cUk
=082  0\$a616.99/407$219
=245  00$aTumor invasion and metastasis /$cedited by L.A. Liotta and I.R. Hart.
=260  \\$aThe Hague ;$aLondon :$bNijhoff,$c1982.
=336  \\$atext$2rdacontent
=337  \\$aunmediated$2rdamedia
=338  \\$avolume$2rdacarrier
=597  \\$aDLC$b81018967 //r862
=540  \\$aCurrent Copyright Fee: GBP29.95$c0$5Uk
=650  \0$aMetastasis.
=650  \0$aCancer cells.
=650  \0$aCell interaction.
=650  \2$aNeoplasm metastasis.
=650  \2$aNeoplasm invasiveness.
=700  1\$aLiotta, L. A.
=700  1\$aHart, I. R.
=852  41$aBritish Library$bDSC$j3579.085470$in7
=852  41$aBritish Library$bDSC$iv7
=945  \\$aDevelopments in oncology ; 7
=CAT  \\$aCONV$b00$c20040502$lBLL01$h1116
=CAT  \\$aglobal_upd$b40$c20060416$lBLL01$h2050
=CAT  \\$aBATCH$b00$c20091206$lBLL01$h0041
=CAT  \\$aBATCH-CLA$b00$c20130527$lBLL01$h0235
=CAT  \\$aBATCH-CLA$c20131211$lBLL01$h1831
=CAT  \\$aIPL-CLA$c20131231$lBLL01$h1623
=CAT  \\$aBATCH-CLA$b00$c20140102$lBLL01$h0253
=CAT  \\$aBATCH-CLA$b00$c20140617$lBLL01$h0035
=CAT  \\$aIPL-CLA$c20140630$lBLL01$h1609
=CAT  \\$aBATCH-CLAB$c20220330$lBLL01$h1827
=CAT  \\$aBATCH-CLA$b00$c20220331$lBLL01$h0134
=CAT  \\$aBATCH-CLAB$c20220627$lBLL01$h2112
=CAT  \\$aBATCH-CLA$b00$c20220628$lBLL01$h0115
=CAT  \\$aBATCH-CLAB$c20220908$lBLL01$h1346
=CAT  \\$aBATCH-CLA$b00$c20220909$lBLL01$h0126
=CAT  \\$aBATCH-CLA$b00$c20221206$lBLL01$h1620
=CAT  \\$aIPL-CLA$c20221231$lBLL01$h1620
=CAT  \\$aBATCH-CLA$b00$c20230302$lBLL01$h1722
=CAT  \\$aBATCH-CLAB$c20230324$lBLL01$h1431
=CAT  \\$aBATCH-CLA$b00$c20230325$lBLL01$h0129
=CAT  \\$aBATCH-CLAB$c20230601$lBLL01$h1250
=CAT  \\$aBATCH-CLA$b00$c20230602$lBLL01$h0117
=CAT  \\$aBATCH-CLAB$c20230907$lBLL01$h1735
=CAT  \\$aBATCH-CLA$b00$c20230908$lBLL01$h0119
=CFI  0\$aCurrent Copyright Fee: GBP29.95$c0$e09-feb-2023$fGBP29.95$g0$hC$5Uk
=FIN  \\$aY
=LEO  \\$aMP8.0000031322
=SRC  \\$aDSC01$bbibmp8.200404.2.aa
=TCO  \\$aNLD$bSTICHTING REPRORECHT$c008
=LAS  \\$aBATCH-CLA$b00$c20230908$lBLL01$h0119

