=LDR  02029caa a22005413u 4500
=001  005667843
=003  Uk
=005  20230302172239.0
=008  820301s1982\\\\enk\\\\||\\\\\001\||eng\\
=FMT  \\$a  BK
=019  a\$aG00156127
=020  \\$a0444996982
=040  \\$aUk$cUk
=100  10$aGörög, S.
=245  00$aQuantitative analysis of steroids.
=260  \\$aAmsterdam :$bElsevier Scientific,$c1983.
=336  \\$atext$2rdacontent
=337  \\$aunmediated$2rdamedia
=338  \\$avolume$2rdacarrier
=540  \\$aCurrent Copyright Fee: GBP34.00$c0$5Uk
=852  41$aBritish Library$bDSC$j8489.120000$iv5
=852  41$aBritish Library$bDSC$iv 5
=945  \\$aStudies in analytical chemistry ; v5
=CAT  \\$aCONV$b00$c20040502$lBLL01$h1116
=CAT  \\$aglobal_upd$b40$c20060416$lBLL01$h2050
=CAT  \\$aBATCH$b00$c20091206$lBLL01$h0042
=CAT  \\$aBATCH-CLA$b00$c20140628$lBLL01$h1338
=CAT  \\$aIPL-CLA$c20140630$lBLL01$h1609
=CAT  \\$aBATCH-UPD$b00$c20141222$lBLL01$h0321
=CAT  \\$aBATCH-CLA$b00$c20141223$lBLL01$h0107
=CAT  \\$aBATCH-CLA$b00$c20151223$lBLL01$h1716
=CAT  \\$aIPL-CLA$c20151231$lBLL01$h1839
=CAT  \\$aBATCH-CLA$b00$c20171221$lBLL01$h1306
=CAT  \\$aIPL-CLA$c20171231$lBLL01$h1111
=CAT  \\$aBATCH-CLA$b00$c20210328$lBLL01$h1317
=CAT  \\$aIPL-CLA$c20210331$lBLL01$h1807
=CAT  \\$aBATCH-CLA$b00$c20221206$lBLL01$h1725
=CAT  \\$aIPL-CLA$c20221231$lBLL01$h1620
=CAT  \\$aBATCH-CLA$b00$c20230302$lBLL01$h1722
=CFI  0\$aCurrent Copyright Fee: GBP34.00$c0$e09-feb-2023$fGBP34.00$g0$hC$5Uk
=FIN  \\$aY
=LEO  \\$aMP8.0000035215
=SRC  \\$aDSC01$bbibmp8.200404.2.aa
=TCO  \\$aNLD$bSTICHTING REPRORECHT$c008
=ACF  \\$aPrevious Copyright Fee: GBP21.00$c0$e01-jul-2014$fGBP21.00$g0$hC$5Uk
=ACF  \\$aPrevious Copyright Fee: GBP22.50$c0$e01-jan-2016$fGBP22.50$g0$hC$5Uk
=ACF  \\$aPrevious Copyright Fee: GBP23.40$c0$e01-jan-2018$fGBP23.40$g0$hC$5Uk
=LAS  \\$aBATCH-CLA$b00$c20230302$lBLL01$h1722

