=LDR  02197caa a22005773u 4500
=001  005667994
=003  Uk
=005  20221231162042.0
=008  830214s1983\\\\enk\\\\||\\\\\001\||eng\\
=FMT  \\$a  BK
=019  a\$aG00160019
=020  \\$a0632009047
=020  \\$a0632008857 (pbk)
=040  \\$aUk$cUk
=245  00$aGenes, development and learning.
=260  \\$aOxford :$bBlackwell Scientific,$cMay 1983.
=336  \\$atext$2rdacontent
=337  \\$aunmediated$2rdamedia
=338  \\$avolume$2rdacarrier
=540  \\$aCurrent Copyright Fee: GBP25.00$c0$5Uk
=700  1\$aHalliday, T. R.
=700  1\$aSlater, P. J. B.$q(Peter James Bramwell),$d1942-
=852  41$aBritish Library$bDSC$j0902.955000$i3
=852  41$aBritish Library$bDSC$ivol 3
=945  \\$aAnimal behaviour ; v.3
=CAT  \\$aCONV$b00$c20040502$lBLL01$h1116
=CAT  \\$aglobal_upd$b40$c20060416$lBLL01$h2050
=CAT  \\$aBATCH$b00$c20091206$lBLL01$h0042
=CAT  \\$a6550$b40$c20160112$lBLL01$h1017
=CAT  \\$aBATCH-CLA$b00$c20160113$lBLL01$h0155
=CAT  \\$aBATCH-CLA$b00$c20161222$lBLL01$h1604
=CAT  \\$aIPL-CLA$c20161230$lBLL01$h1523
=CAT  \\$aBATCH-CLA$b00$c20171222$lBLL01$h1851
=CAT  \\$aIPL-CLA$c20171231$lBLL01$h1111
=CAT  \\$aBATCH-CLA$b00$c20191219$lBLL01$h1523
=CAT  \\$aIPL-CLA$c20191231$lBLL01$h1530
=CAT  \\$aR2001-1524$c20200127$lBLL01$h1908
=CAT  \\$aBATCH-CLA$b00$c20200128$lBLL01$h0428
=CAT  \\$aBATCH-CLA$b00$c20201204$lBLL01$h1310
=CAT  \\$aIPL-CLA$c20201231$lBLL01$h1658
=CAT  \\$aBATCH-CLA$b00$c20221221$lBLL01$h1606
=CAT  \\$aIPL-CLA$c20221231$lBLL01$h1620
=CFI  0\$aCurrent Copyright Fee: GBP25.00$c0$e01-jan-2023$fGBP25.00$g0$hA$5Uk
=CFI  2\$aPrevious Copyright Fee: GBP22.50$c0$e01-jan-2021$fGBP22.50$g0$hA$5Uk
=FIN  \\$aY
=LEO  \\$aMP8.0000036218
=SRC  \\$aDSC01$bbibmp8.200404.2.aa
=ACF  \\$aPrevious Copyright Fee: GBP12.30$c0$e01-jan-2014$fGBP12.30$g0$hA$5Uk
=ACF  \\$aPrevious Copyright Fee: GBP15.00$c0$e01-jan-2017$fGBP15.00$g0$hA$5Uk
=ACF  \\$aPrevious Copyright Fee: GBP20.00$c0$e01-jan-2020$fGBP20.00$g0$hA$5Uk
=LAS  \\$aIPL-CLA$b00$c20221231$lBLL01$h1620

