=LDR  02697caa a22006733u 4500
=001  005668545
=003  Uk
=005  20221231162048.0
=008  831024s1983\\\\enk\\\\\|\\\\\000\|\eng\\
=FMT  \\$a  BK
=019  a\$aG00172234
=020  \\$a0901812188
=020  \\$a0901812552 (pbk)
=040  \\$aUk$cUk
=082  0\$a362.1/1/0943$219
=100  10$aFarndale, W. A. J.$q(William Arthur James)
=245  00$aWest German hospitals and European medical care services /$cby W.A. James Farndale and contributors Joan Sohn-Rethel ... [et al.].
=260  \\$aBeckenham :$bRavenswood,$c1983.
=336  \\$atext$2rdacontent
=337  \\$aunmediated$2rdamedia
=338  \\$avolume$2rdacarrier
=597  \\$aDLC$b83228882
=540  \\$aCurrent Copyright Fee: GBP25.00$c0$5Uk
=650  \0$aMedical care$zGermany (West)
=650  \0$aHospitals$zGermany (West)
=650  \0$aInsurance, Health$zGermany (West)
=650  \0$aMedical care$zEurope.
=650  \0$aEmergency medical services$zEurope.
=690  7\$aSocial Welfare$2blcoll
=852  41$aBritish Library$bDSC$j8490.766000$ivol 3
=852  41$aBritish Library$bDSC$ivol 3
=945  \\$aStudies in international hospital and health care ; no.3
=CAT  \\$aCONV$b00$c20040502$lBLL01$h1117
=CAT  \\$aglobal_upd$b40$c20060416$lBLL01$h2050
=CAT  \\$a5194$b40$c20091124$lBLL01$h1141
=CAT  \\$aBATCH$b00$c20091206$lBLL01$h0042
=CAT  \\$aBATCH$b00$c20110625$lBLL01$h0301
=CAT  \\$aBATCH-UPD$b00$c20141222$lBLL01$h1832
=CAT  \\$aBATCH-CLA$b00$c20141223$lBLL01$h0107
=CAT  \\$aBATCH-CLA$b00$c20161222$lBLL01$h1604
=CAT  \\$aIPL-CLA$c20161230$lBLL01$h1523
=CAT  \\$aBATCH-CLA$b00$c20171222$lBLL01$h1852
=CAT  \\$aIPL-CLA$c20171231$lBLL01$h1111
=CAT  \\$aBATCH-CLA$b00$c20191219$lBLL01$h1524
=CAT  \\$aIPL-CLA$c20191231$lBLL01$h1530
=CAT  \\$aBATCH-CLA$b00$c20201204$lBLL01$h1311
=CAT  \\$aIPL-CLA$c20201231$lBLL01$h1658
=CAT  \\$aBATCH-CLA$b00$c20221221$lBLL01$h1606
=CAT  \\$aIPL-CLA$c20221231$lBLL01$h1620
=CFI  0\$aCurrent Copyright Fee: GBP25.00$c0$e01-jan-2023$fGBP25.00$g0$hA$5Uk
=CFI  2\$aPrevious Copyright Fee: GBP22.50$c0$e01-jan-2021$fGBP22.50$g0$hA$5Uk
=FIN  \\$aY
=LEO  \\$aMP8.0000039752
=SRC  \\$aDSC01$bbibmp8.200404.2.aa
=ACF  \\$aPrevious Copyright Fee: GBP12.30$c0$e01-jan-2014$fGBP12.30$g0$hA$5Uk
=ACF  \\$aPrevious Copyright Fee: GBP15.00$c0$e01-jan-2017$fGBP15.00$g0$hA$5Uk
=ACF  \\$aPrevious Copyright Fee: GBP17.50$c0$e01-jan-2018$fGBP17.50$g0$hA$5Uk
=ACF  \\$aPrevious Copyright Fee: GBP20.00$c0$e01-jan-2020$fGBP20.00$g0$hA$5Uk
=LAS  \\$aIPL-CLA$b00$c20221231$lBLL01$h1620

