=LDR  02188caa a22005533u 4500
=001  005669296
=003  Uk
=005  20221231162055.0
=008  040420|1983\\\\|||\\\\||\\\\\000\||eng\\
=FMT  \\$a  BK
=019  a\$aG00179185
=020  \\$a0907567525
=020  \\$a0907567533 (pbk)
=040  \\$aUk$cUk
=245  00$aLong-distance water transfer :$ba chinese case study and international experiences.
=260  \\$bTycooly International Publishing Limited,$c1983.
=336  \\$atext$2rdacontent
=337  \\$aunmediated$2rdamedia
=338  \\$avolume$2rdacarrier
=540  \\$aCurrent Copyright Fee: GBP25.00$c0$5Uk
=700  1\$aBiswas, Asit K.,$eEd.
=883  0\$aLanguage codes assigned by Bayesian analysis of words present in record$d20201028$qUk$c0.9010
=852  41$aBritish Library$bDSC$j9275.195000$ivol 3
=852  41$aBritish Library$bDSC$j83/28849
=852  41$aBritish Library$bDSC$ivol 3
=945  \\$aWater resources series ; vol 3
=CAT  \\$aCONV$b00$c20040502$lBLL01$h1117
=CAT  \\$aglobal_upd$b40$c20060416$lBLL01$h2051
=CAT  \\$aBATCH$b00$c20091206$lBLL01$h0043
=CAT  \\$aBATCH-UPD$b00$c20170911$lBLL01$h2051
=CAT  \\$aBATCH-CLA$b00$c20170912$lBLL01$h0111
=CAT  \\$aBATCH-CLA$b00$c20171222$lBLL01$h1852
=CAT  \\$aIPL-CLA$c20171231$lBLL01$h1111
=CAT  \\$aBATCH-CLA$b00$c20191219$lBLL01$h1524
=CAT  \\$aIPL-CLA$c20191231$lBLL01$h1531
=CAT  \\$aBATCH-CLA$b00$c20201204$lBLL01$h1311
=CAT  \\$aIPL-CLA$c20201231$lBLL01$h1658
=CAT  \\$aW2201-1476$b00$c20220225$lBLL01$h1823
=CAT  \\$aBATCH-CLA$b00$c20220226$lBLL01$h0250
=CAT  \\$aBATCH-CLA$b00$c20221221$lBLL01$h1606
=CAT  \\$aIPL-CLA$c20221231$lBLL01$h1620
=CFI  0\$aCurrent Copyright Fee: GBP25.00$c0$e01-jan-2023$fGBP25.00$g0$hA$5Uk
=CFI  2\$aPrevious Copyright Fee: GBP22.50$c0$e01-jan-2021$fGBP22.50$g0$hA$5Uk
=FIN  \\$aY
=LEO  \\$aMP8.0000042098
=SRC  \\$aDSC01$bbibmp8.200404.2.aa
=ACF  \\$aPrevious Copyright Fee: GBP15.00$c0$e01-jan-2017$fGBP15.00$g0$hA$5Uk
=ACF  \\$aPrevious Copyright Fee: GBP17.50$c0$e01-jan-2018$fGBP17.50$g0$hA$5Uk
=LAS  \\$aIPL-CLA$b00$c20221231$lBLL01$h1620

