=LDR  02024caa a22005653u 4500
=001  005669375
=003  Uk
=005  20221231162055.0
=008  830429s1983\\\\xxua\\\\|b\\\\000\|\eng\\
=FMT  \\$a  BK
=019  a\$aG00181045
=020  \\$a0803920067
=020  \\$a0803920075 (pbk.)
=040  \\$aUk$cUk
=082  00$a302.3/5$219
=245  00$aOrganizational theory and public policy /$cedited by Richard H. Hall and Robert E. Quinn.
=260  \\$aBeverly Hills, Calif. :$bSage Publications,$cc1983.
=336  \\$atext$2rdacontent
=337  \\$aunmediated$2rdamedia
=338  \\$avolume$2rdacarrier
=597  \\$aDLC$b83009704 //r91
=540  \\$aCurrent Copyright Fee: GBP25.00$c0$5Uk
=650  \0$aOrganization.
=650  \0$aPolicy sciences.
=690  7\$aManagement and Business Studies$2blcoll
=690  7\$aSocial Welfare$2blcoll
=700  1\$aHall, Richard H.
=700  1\$aQuinn, Robert E.
=886  2\$2blmarc$a010$b00$a83009704
=852  41$aBritish Library$bDSC$j8069.224500$iv63
=852  41$aBritish Library$bDSC$iv 63
=945  \\$aSage focus editions ; 63
=CAT  \\$aCONV$b00$c20040502$lBLL01$h1117
=CAT  \\$aglobal_upd$b40$c20060416$lBLL01$h2051
=CAT  \\$aBATCH$b00$c20090516$lBLL01$h1102
=CAT  \\$aBATCH$b00$c20091206$lBLL01$h0043
=CAT  \\$aBATCH$b00$c20110625$lBLL01$h0301
=CAT  \\$aBATCH-CLA$b00$c20191223$lBLL01$h1415
=CAT  \\$aIPL-CLA$c20191231$lBLL01$h1531
=CAT  \\$aBATCH-CLA$b00$c20201204$lBLL01$h1311
=CAT  \\$aIPL-CLA$c20201231$lBLL01$h1658
=CAT  \\$aBATCH-CLA$b00$c20221221$lBLL01$h1606
=CAT  \\$aIPL-CLA$c20221231$lBLL01$h1620
=CFI  0\$aCurrent Copyright Fee: GBP25.00$c0$e01-jan-2023$fGBP25.00$g0$hA$5Uk
=CFI  2\$aPrevious Copyright Fee: GBP22.50$c0$e01-jan-2021$fGBP22.50$g0$hA$5Uk
=FIN  \\$aY
=LEO  \\$aMP8.0000042399
=SRC  \\$aDSC01$bbibmp8.200404.2.aa
=ACF  \\$aPrevious Copyright Fee: GBP20.00$c0$e01-jan-2020$fGBP20.00$g0$hA$5Uk
=LAS  \\$aIPL-CLA$b00$c20221231$lBLL01$h1620

