=LDR  02047caa a22005413u 4500
=001  005687141
=003  Uk
=005  20230512011333.0
=008  840723s1984\\\\enk\\\\||\\\\\001\||eng\\
=FMT  \\$a  BK
=019  a\$aG00303104
=020  \\$a0863800181
=020  \\$a0471905690 (Wiley)
=040  \\$aUk$cUk
=100  1\$aHughes, J. F.
=245  00$aElectrostatic powder coating.
=260  \\$aLetchworth :$bResearch Studies,$c1984.
=336  \\$atext$2rdacontent
=337  \\$aunmediated$2rdamedia
=338  \\$avolume$2rdacarrier
=490  0\$aElectronic & electrical engineering research studies ;$v4
=540  \\$aBritish Library not licensed to copy$c0$5Uk
=852  41$aBritish Library$bDSC$j3707.580000$iv. 4
=852  41$aBritish Library$bDSC$cF$j0678.231000
=852  41$aBritish Library$bDSC$iAD-A--302382(microfiche)
=945  \\$aElectrostatics and electrostatic applications series ; 4
=CAT  \\$aCONV$b00$c20040502$lBLL01$h1117
=CAT  \\$aglobal_upd$b40$c20060416$lBLL01$h2056
=CAT  \\$aBATCH$b00$c20091206$lBLL01$h0051
=CAT  \\$aBATCH-CLA$b00$c20120928$lBLL01$h1828
=CAT  \\$aBATCH-CLA$b00$c20120930$lBLL01$h1032
=CAT  \\$aBATCH-CLA$b00$c20130508$lBLL01$h0716
=CAT  \\$aBATCH-CLA$b00$c20171026$lBLL01$h0108
=CAT  \\$aBATCH-CLA$b00$c20191223$lBLL01$h1415
=CAT  \\$aIPL-CLA$c20191231$lBLL01$h1532
=CAT  \\$aBATCH-CLA$b00$c20201204$lBLL01$h1312
=CAT  \\$aIPL-CLA$c20201231$lBLL01$h1700
=CAT  \\$aBATCH-CLA$b00$c20221221$lBLL01$h1607
=CAT  \\$aIPL-CLA$c20221231$lBLL01$h1623
=CAT  \\$aBATCH-CLA$b00$c20230512$lBLL01$h0113
=CFI  0\$aBritish Library not licensed to copy$c0$e25-oct-2017$hC$iCFP Excluded$5Uk
=FIN  \\$aY
=LEO  \\$aMP8.0000107712
=SRC  \\$aDSC01$bbibmp8.200404.2.aa
=TCO  \\$aTRS$bCCC$c008
=ACF  \\$aBritish Library not licensed to copy$c0$e25-oct-2017$hC$iCFP Excluded$5Uk
=ACF  \\$aPrevious Copyright Fee: GBP20.00$c0$e01-jan-2020$fGBP20.00$g0$hA$5Uk
=LAS  \\$aBATCH-CLA$b00$c20230512$lBLL01$h0113

