=LDR  03552 aa a22007573a 4500
=001  005694057
=003  Uk
=005  20090715145410.0
=008  040420m19799999at\bj\\\\db\\\001\0ceng\\
=FMT  \\$a  BK
=019  a\$aG00366727
=019  1\$ar6807827
=019  1\$a0855641622
=019  1\$a0855641592
=020  \\$a0855641983 (v 1)
=020  \\$a0855641622 (v 2)
=020  \\$a0855641630 (v 3)
=020  \\$a0855642297 (v 4, pt 1)
=020  \\$a0855642319 (v 4, pt 2)
=020  \\$a0855642505 (v 5)
=040  \\$aUk$cUk
=043  \\$au-at-we
=082  00$a920.0941$219
=245  00$aDictionary of Western Australians, 1829-1914 /$c[general editor, Rica Erickson].
=260  \\$aNedlands, Western Australia :$bUniversity of Western Australia Press,$c1979-<1986>
=300  \\$a<v. 1-5; in 6 > :$bmaps on lining papers, geneal. tables ;$c23 cm.
=336  \\$atext$2rdacontent
=337  \\$aunmediated$2rdamedia
=338  \\$avolume$2rdacarrier
=500  \\$aKept up-to-date by supplements.
=504  \\$aIncludes bibliographical references and indexes.
=505  1\$av. 1. Statham, P. Early settlers, 1829-1850.--v. 2. Erickson, R. Bond, 1850-1868.--v. 3. Erickson, R. Free, 1850-1868.--v. 4, pt. 1, A-K. Erickson, R. The challenging years, 1868-1888.--v. 4, pt. 2, L-Z. Erickson, R. The challenging years, 1868-1888.--v. 5. Erickson, R. The golden years, 1889-1914.
=651  \0$aWestern Australia$xBiography$xDictionaries.
=700  1\$aErickson, Rica.
=852  41$aBritish Library$bDSC$j85/06894$ivol. 1$3Vol. 1, Early settlers, 1829-1850***[1981 "Reprinted with supplement"]
=852  41$aBritish Library$bDSC$j85/06895$ivol. 2$3Vol. 2, Bond, 1850-1868***[1981 "Reprinted with supplement"]
=852  41$aBritish Library$bDSC$j88/00621$ivol. 4, pt. 2$3Vol. 4, The challenging years, 1868-1888. Part 2, L-Z
=852  41$aBritish Library$bHMNTS$jX.0809/2035(4)[pt. 2]$3Vol. 4, The challenging years, 1868-1888. Part 2, L-Z
=852  41$aBritish Library$bHMNTS$jX.0809/2035(4)[pt. 1]$3Vol. 4, The challenging years, 1868-1888. Part 1, A-K
=852  41$aBritish Library$bHMNTS$jX.0809/2035(2)$3Vol. 2, Bond, 1850-1868
=852  11$aBritish Library$bHMNTS$kHLR$h920.0941$3Vol. 5, The golden years, 1889-1914
=852  4\$aBritish Library$bDSC$j81/11094$ivol. 1$3Vol. 1, Early settlers, 1829-1850***[1979 reprint]
=852  4\$aBritish Library$bDSC$j81/11095$ivol. 2
=852  4\$aBritish Library$bDSC$j81/11096$ivol. 3$3Vol. 3, Free, 1850-1868
=852  41$aBritish Library$bHMNTS$jX.0809/2035(1)$3Vol. 1, Early settlers, 1829-1850
=852  41$aBritish Library$bDSC$j85/06896$ivol. 3$3Vol. 3, Free, 1850-1868***[1981 "Reprinted with supplement"]
=852  41$aBritish Library$bDSC$j88/00620$ivol. 4, pt. 1$3Vol. 4, The challenging years, 1868-1888. Part 1, A-K
=852  41$aBritish Library$bDSC$j87/21671$ivol. 5$3Vol. 5, The golden years, 1889-1914
=957  \\$a830330p
=957  \\$a790911c
=958  \\$a2097.g.
=CAT  \\$aCONV$b00$c20040502$lBLL01$h1117
=CAT  \\$aglobal_upd$b40$c20060416$lBLL01$h2059
=CAT  \\$a6550$b40$c20090715$lBLL01$h1301
=CAT  \\$a6550$b40$c20090715$lBLL01$h1454
=CAT  \\$aBATCH$b00$c20091118$lBLL01$h0055
=FIN  \\$aY
=LEO  \\$aMP13.0001154662
=LEO  \\$aMP8.0000131788
=LEO  \\$aMP13.0002079716
=LEO  \\$aMP13.0002079715
=SRC  \\$aHSS01$bbibmp13.200404.2.ab
=SRC  \\$aDSC01$bbibmp8.200404.2.aa
=SRC  \\$aHSS01$bbibmp13.200404.2.ad
=SRC  \\$aUCB 2007
=LAS  \\$aBATCH$b00$c20091118$lBLL01$h0055

