=LDR  02305 aa a2200649 u 4500
=001  006008652
=003  Uk
=005  20070423093638.0
=008  890505s1989\\\\paua\\\\\b\\\\001\0\eng\\
=FMT  \\$a  BK
=010  \\$a   89011316 
=015  \\$aGBA729833$2bnb
=016  7\$a006008652$2Uk
=019  a\$aG01221615
=020  \\$a0898712378 (cased) :$cNo price
=040  \\$aUk$cUk
=042  \\$aukblcatcopy
=050  00$aQA935$b.L327 1989
=082  00$a531.382$220
=100  10$aLagnese, J.
=245  10$aBoundary stabilization of thin plates /$cJohn E. Lagnese.
=260  \\$aPhiladelphia :$bSociety for Industrial and Applied Mathematics,$c1989.
=300  \\$aviii, 176 p. :$bill. ;$c24 cm.
=336  \\$atext$2rdacontent
=337  \\$aunmediated$2rdamedia
=338  \\$avolume$2rdacarrier
=490  0\$aSIAM studies in applied mathematics ;$vvol. 10
=597  \\$aDLC$b89011316
=504  \\$aBibliography: p. 171-174.
=500  \\$aIncludes index.
=540  \\$aBritish Library not licensed to copy$c0$5Uk
=650  \0$aElastic plates and shells.
=650  \0$aDifferential equations, Partial.
=886  2\$2blmarc$a010$b00$a89011316
=830  \0$aSIAM studies in applied mathematics ;$v10.
=852  71$aBritish Library$bSTI$ivol.10$2blsrissc
=852  41$aBritish Library$bDSC$j8271.370200$ivol 10
=945  \\$aSIAM studies in applied mathematics ; vol 10
=CAT  \\$aCONV$b00$c20040502$lBLL01$h1125
=CAT  \\$aglobal_upd$b40$c20060416$lBLL01$h2238
=CAT  \\$a8178$b40$c20070418$lBLL01$h1156
=CAT  \\$a10883$b40$c20070423$lBLL01$h0936
=CAT  \\$aBATCH$b00$c20091206$lBLL01$h0339
=CAT  \\$aBATCH$b00$c20091224$lBLL01$h2211
=CAT  \\$aBATCH-CLA$b00$c20130630$lBLL01$h1622
=CAT  \\$aIPL-CLA$c20130630$lBLL01$h2240
=CAT  \\$aBATCH-CLA$b00$c20130929$lBLL01$h1611
=CAT  \\$aIPL-CLA$c20130930$lBLL01$h1653
=CAT  \\$aWR16_021$c20160608$lBLL01$h1728
=CAT  \\$aBATCH-UPD$b00$c20160608$lBLL01$h1953
=CAT  \\$aBATCH-CLA$b00$c20160609$lBLL01$h0125
=CFI  0\$aBritish Library not licensed to copy$c0$e01-jul-2014$hC$iCFP Excluded$5Uk
=FIN  \\$aY$d20070423
=LEO  \\$aMP8.0000601035
=SRC  \\$aDSC01$bbibmp8.200404.2.aa
=SRC  \\$aBLL02$bpart.2.ao
=LAS  \\$aBATCH-CLA$b00$c20160609$lBLL01$h0125

