=LDR  01650 am a22004693  4500
=001  003356865
=003  Uk
=005  20200612184308.0
=008  900327|1964||||enk\\\\||\\\\\|||\||eng\\
=FMT  \\$a  BK
=019  x\$a3000720278
=040  \\$aUk$cUk
=100  1\$aSharf, Andrew.
=245  14$aThe British Press and Jews under Nazi Rule.
=264  \1$aLondon :$bOxford University Press,$c1964.
=300  \\$avi, 228 pages ;$c(8º)
=336  \\$atext$2rdacontent
=337  \\$aunmediated$2rdamedia
=338  \\$avolume$2rdacarrier
=852  41$aBritish Library$bHMNTS$jX.709/576.
=852  4\$aBritish Library$bDSC$jW17/2509$qCopy at W17/2509. Mislaid.
=852  4\$aBritish Library$bDSC$xLost 14/9/92
=985  \\$aCorrected by BSS-generated file for WR# 11/048
=985  \\$aEnhanced by MS generated file for WR# 12/139
=985  \\$aCorrected by MS generated file for WR# 1805-0738
=CAT  \\$aCONV$b00$c20040502$lBLL01$h1003
=CAT  \\$aUCB-HOL$b00$c20070905$lBLL01$h1505
=CAT  \\$aBATCH$b00$c20070905$lBLL01$h2151
=CAT  \\$aBATCH$b00$c20071125$lBLL01$h0116
=CAT  \\$aBATCH-UPD$b00$c20080906$lBLL01$h0544
=CAT  \\$aBATCH$b00$c20091202$lBLL01$h2249
=CAT  \\$aBATCH$b00$c20101223$lBLL01$h1901
=CAT  \\$aBLSS-CORR$b00$c20110421$lBLL01$h1658
=CAT  \\$aWR12.139$b00$c20130430$lBLL01$h1758
=CAT  \\$a1805-0738$c20181117$lBLL01$h0924
=CAT  \\$a1805-0738$b00$c20181117$lBLL01$h0954
=CAT  \\$aW2001-2376$c20200612$lBLL01$h1843
=FIN  \\$aY
=LEO  \\$aMP1.0003582535
=SRC  \\$aBLS01$bbibmp1.200404.2.ad
=SRC  \\$aUCB 2007
=LAS  \\$aW2001-2376$b00$c20200612$lBLL01$h1843

