=LDR  03747cam a22006373  4500
=001  003367681
=003  Uk
=005  20221110092903.0
=008  971007s1718\\\\enk\\\\\\\\\\\000\0\eng\c
=FMT  \\$a  BK
=019  x\$a3010730195
=040  \\$aUk$beng$cUk$erda$edcrmb
=100  1\$aSherlock, Thomas,$d1678-1761,$eauthor.
=245  12$aA vindication of the corporation and test acts. In answer to the Bishop of Bangor's reasons for the repeal of them.$bTo which is added: a second part, concerning the religion of oaths.$cBy Tho. Sherlock, D. D. Dean of Chichester, and Master of the Temple.
=264  \1$aLondon :$bPrinted for J. Pemberton at the Buck and Sun, over against St. Dunstan's Church in Fleetstreet,$c1718.
=300  \\$a[12], 120 pages ;$c19 cm (8º)
=336  \\$atext$2rdacontent
=337  \\$aunmediated$2rdamedia
=338  \\$avolume$2rdacarrier
=500  \\$aPrice from imprint: price One Shilling and Six Pence.
=500  \\$aPrinted by William Bowyer.
=500  \\$aThe postscript (pages 117-20) was printed (in 2000 copies) with the 2nd edition (of 1000 copies); the postscript was therefore presumably intended to be added to remaining copies of the earlier edition (of 2250 copies). Some copies may lack these pages, making the final page 116 pages ending with 'Finis'.
=510  4\$aBowyer ledgers,$c424, 426
=510  4\$aESTC,$cT50846
=600  10$aHoadly, Benjamin,$d1676-1761.
=610  10$aEngland and Wales.$tTest Act 1673$vEarly works to 1800.
=610  10$aEngland and Wales.$tCorporation Act (1661),$vEarly works to 1800.
=600  10$aHoadly, Benjamin,$d1676-1761.$tThe Common Rights of Subjects defended: and the nature of the sacramental test, consider'd.
=700  1\$aCollins, John$q(John F. R.),$eformer owner.$5Uk
=700  1\$aPemberton, John,$d-1739,$epublisher.
=700  1\$aBowyer, William,$d1663-1737,$eprinter.
=752  \\$aGreat Britain$bEngland$dLondon.
=775  0\$t[A Vindication of the Corporation and Test Acts. In answer to the Bishop of Bangor's [B. Hoadly's] Reasons for the repeal of them. To which is added: A second part, concerning the religion of oaths.]$w(Uk)MP1.0003593293.2$dLondon, 1718. 8º.
=852  41$aBritish Library$bHMNTS$j4135.aa.81.
=852  41$aBritish Library$bHMNTS$qCopy at Collins.Add.421.(10). Imperfect: Wanting postscript (pages 117-120).
=CAT  \\$aCONV$b00$c20040502$lBLL01$h1004
=CAT  \\$aglobal_upd$b40$c20060416$lBLL01$h1352
=CAT  \\$aBATCH-UPD$b40$c20070522$lBLL01$h0953
=CAT  \\$aBATCH-UPD$b40$c20070522$lBLL01$h1607
=CAT  \\$aBLSS-CORR$b00$c20080705$lBLL01$h1743
=CAT  \\$aBLSS-CORR9$c20090508$lBLL01$h1634
=CAT  \\$aBATCH$b00$c20091202$lBLL01$h2254
=CAT  \\$aBLSS-CORR$b00$c20100917$lBLL01$h1706
=CAT  \\$a4039$b40$c20170119$lBLL01$h1332
=CAT  \\$aBATCH-UPD$b40$c20170119$lBLL01$h1333
=CAT  \\$aW1807-1331$c20180722$lBLL01$h1220
=CAT  \\$a1805-0738$c20181117$lBLL01$h0925
=CAT  \\$a1805-0738$b00$c20181117$lBLL01$h0955
=CAT  \\$aW1910-0531$b00$c20200410$lBLL01$h1808
=CAT  \\$aKITHERAE$b40$c20221110$lBLL01$h0916
=CAT  \\$aKITHERAE$b40$c20221110$lBLL01$h0929
=FIN  \\$aY
=LEO  \\$aMP1.0003593293
=LKR  \\$aPAR$b003367682$r775$lBLL01$mA Vindication of the Corporation and Test Acts. In answer to the Bishop of Bangor's [B. Hoadly's] Reasons for the repeal of them. To which is added: A second part, concerning the religion of oaths.$n[A Vindication of the Corporation and Test Acts. In answer to the Bishop of Bangor's [B. Hoadly's] Reasons for the repeal of them. To which is added: A second part, concerning the religion of oaths.]
=SRC  \\$aBLS01$bbibmp1.200404.2.ad
=LAS  \\$aKITHERAE$b40$c20221110$lBLL01$h0929

