=LDR  02584cam a22005053  4500
=001  003420448
=003  Uk
=005  20221109171541.0
=008  970820s1717\\\\enk\\\\\\\\\\\000\0\eng\c
=FMT  \\$a  BK
=019  x\$a305466015X
=040  \\$aUk$beng$cUk$erda$edcrmb
=100  1\$aSmith, Joseph,$d1670-1756,$eauthor.
=245  10$aSome considerations humbly offer'd to the Lord Bp. of Bangor, on His Lorship's preservative against the principles and practices of the non-jurors: or, A modest review of his appeal to the consciences, and common sense of the Christian laity.$cBy Joseph Smith.
=264  \1$aLondon :$bPrinted, and are to be sold by John Morphew; near Stationers-Hall,$c1717.
=300  \\$a[2],87,[3] pages ;$c19 cm (8º)
=336  \\$atext$2rdacontent
=337  \\$aunmediated$2rdamedia
=338  \\$avolume$2rdacarrier
=500  \\$aPrice on title page: (Price One Shilling.)
=650  \0$aNonjurors
=600  10$aHoadly, Benjamin,$d1676-1761.$tPreservative against the Principles and Practices of the Nonjurors
=700  1\$aCollins, John$q(John F. R.),$eformer owner.$5Uk
=700  1\$aMorphew, John,$ebookseller.
=752  \\$aGreat Britain$bEngland$dLondon.
=775  0\$t[Some Considerations ... offer'd to the ... Bp. of Bangor on his Preservative against the principles ... of the Nonjurors, etc.]$w(Uk)MP1.0003649180.1$dLondon, 1717. 8º.
=852  41$aBritish Library$bHMNTS$jT.1796.(2.)
=852  41$aBritish Library$bHMNTS$qCopy at Collins.Add.421.(9). Imperfect: Wanting final two leaves.
=CAT  \\$aCONV$b00$c20040502$lBLL01$h1005
=CAT  \\$aglobal_upd$b40$c20060416$lBLL01$h1405
=CAT  \\$aBATCH-UPD$b40$c20070522$lBLL01$h0953
=CAT  \\$aBATCH-UPD$b40$c20070522$lBLL01$h1607
=CAT  \\$aBATCH$b00$c20091202$lBLL01$h2316
=CAT  \\$aBLSS-CORR$b00$c20100917$lBLL01$h1707
=CAT  \\$aW1807-1331$c20180722$lBLL01$h1221
=CAT  \\$aBATCH-UPD$b00$c20180722$lBLL01$h1415
=CAT  \\$a1805-0738$c20181117$lBLL01$h0932
=CAT  \\$a1805-0738$b00$c20181117$lBLL01$h1000
=CAT  \\$aW2201-1476$b00$c20220218$lBLL01$h1823
=CAT  \\$aKITHERAE$b40$c20221109$lBLL01$h1715
=FIN  \\$aY
=LEO  \\$aMP1.0003649180
=LKR  \\$aPAR$b003420449$r775$lBLL01$mSome Considerations ... offer'd to the ... Bp. of Bangor on his Preservative against the principles ... of the Nonjurors, etc.$n[Some Considerations ... offer'd to the ... Bp. of Bangor on his Preservative against the principles ... of the Nonjurors, etc.]
=SRC  \\$aBLS01$bbibmp1.200404.2.ad
=LAS  \\$aKITHERAE$b40$c20221109$lBLL01$h1715

