=LDR  01993cam a22005293  4500
=001  003440654
=003  Uk
=005  20220825115750.0
=008  900522q1820\\\\stk\\\\\\\\\\\000\p\eng\c
=FMT  \\$a  BK
=019  x\$a3074540249
=040  \\$aUk$beng$cUk$erda$edcrmb
=245  00$aFive songs. Bessy Bell and Mary Gray. Logan braes. Jeanie's black e'e. My bonnie Lady Ann. The cabin boy.
=246  3\$aBessy Bell and Mary Gray
=246  3\$aLogan braes
=246  3\$aJeanie's black e'e
=246  3\$aMy bonnie Lady Ann
=246  3\$aCabin boy
=264  \1$aKilmarnock :$bPrinted for the booksellers,$c[circa 1820?]
=300  \\$a8 pages ;$c15 cm (12º)
=336  \\$atext$2rdacontent
=337  \\$aunmediated$2rdamedia
=338  \\$avolume$2rdacarrier
=500  \\$aIn verse.
=500  \\$aWoodcut on title page.
=655  \7$aChapbooks.$2rbgenr
=700  1\$aLaw, William,$d1836-1901,$eformer owner.$5Uk
=700  1\$aMaskell, William,$d1814?-1890,$eformer owner.$5Uk
=752  \\$aGreat Britain$bScotland$dKilmarnock.
=852  41$aBritish Library$bHMNTS$j11621.aa.1.(20.)
=852  41$aBritish Library$bHMNTS$j11621.aaa.7.(14.)$3[Another copy.]
=852  \\$aBritish Library$bHMNTS$lHon.163.(9)
=985  \\$a700=new. William Law (1836-1901). Source: https://www.oxfordreference.com/view/10.1093/oi/authority.20110810105244378
=CAT  \\$aCONV$b00$c20040502$lBLL01$h1005
=CAT  \\$aglobal_upd$b40$c20060416$lBLL01$h1410
=CAT  \\$aBLC-CORR$b00$c20070110$lBLL01$h1811
=CAT  \\$aBATCH$b00$c20091202$lBLL01$h2324
=CAT  \\$aW1804-1393$c20180602$lBLL01$h0647
=CAT  \\$a1805-0738$c20181117$lBLL01$h0935
=CAT  \\$a1805-0738$b00$c20181117$lBLL01$h1001
=CAT  \\$aW1910-0531$b00$c20200410$lBLL01$h1811
=CAT  \\$aKITHERAE$b40$c20220825$lBLL01$h1136
=CAT  \\$aKITHERAE$b40$c20220825$lBLL01$h1157
=FIN  \\$aY
=LEO  \\$aMP1.0003673839
=SRC  \\$aBLS01$bbibmp1.200404.2.ad
=LAS  \\$aKITHERAE$b40$c20220825$lBLL01$h1157

