=LDR  01873 am a22005053  4500
=001  003470561
=003  Uk
=005  20200410181214.0
=008  900425|1972||||enk\\\\||\\\\\|||\||eng\\
=FMT  \\$a  BK
=019  x\$a3103700237
=020  \\$a0500390096
=040  \\$aUk$cUk
=100  1\$aSrejović, Dragoslav.
=245  10$aEurope's first monumental sculpture: new discoveries at Lepenski Vir, etc. (Translated from the Serbo-Croat by Lovett F. Edwards.).
=260  \\$aLondon :$bThames & Hudson,$c1972.
=300  \\$a216 p. :$bplates, ill. ;$c26 cm.
=336  \\$atext$2rdacontent
=337  \\$aunmediated$2rdamedia
=338  \\$avolume$2rdacarrier
=490  0\$a(New aspects of antiquity.)
=700  1\$aEdwards, Lovett Fielding.
=886  2\$2blmarc$a709$b00$aEDWARDS$hLovett Fielding$pX.421/5849.$x0921780087$x0921780087
=852  41$aBritish Library$bHMNTS$jX.421/5849.
=852  4\$aBritish Library$bDSC$j72/0001$xMissing 9.1.87
=852  4\$aBritish Library$bDSC$xMsg 4/3/94
=985  \\$aUpgraded by BSS-generated file for WR1910-0531
=CAT  \\$aCONV$b00$c20040502$lBLL01$h1006
=CAT  \\$aglobal_upd$b40$c20060416$lBLL01$h1417
=CAT  \\$aUCB-HOL$b00$c20070905$lBLL01$h1507
=CAT  \\$aBATCH$b00$c20070905$lBLL01$h2153
=CAT  \\$aBATCH$b00$c20071125$lBLL01$h0120
=CAT  \\$aBATCH-UPD$b00$c20090216$lBLL01$h2152
=CAT  \\$aBATCH$b00$c20091202$lBLL01$h2336
=CAT  \\$aBATCH$b00$c20091224$lBLL01$h0250
=CAT  \\$aBATCH-UPD$b00$c20100118$lBLL01$h2024
=CAT  \\$aWR11_211$c20121211$lBLL01$h1837
=CAT  \\$aBLSS-CORR$b00$c20121211$lBLL01$h1854
=CAT  \\$aWR12.139$b00$c20130709$lBLL01$h1710
=CAT  \\$aW1910-0531$b00$c20200410$lBLL01$h1812
=FIN  \\$aY
=LEO  \\$aMP1.0003707347
=SRC  \\$aBLS01$bbibmp1.200404.2.ad
=SRC  \\$aUCB 2007
=LAS  \\$aW1910-0531$b00$c20200410$lBLL01$h1812

