=LDR  01543cam a22004333  4500
=001  003593236
=003  Uk
=005  20220218183539.0
=008  900618|1946||||enk\\\\||\\\\\|||\||eng\\
=FMT  \\$a  BK
=019  x\$a3221190085
=040  \\$aUk$cUk
=110  2\$aNational Physical Laboratory (Great Britain)
=245  10$aNotes on Gauge Making and Measuring. Second edition.
=264  \1$aLondon,$c1946.
=300  \\$a73 pages ;$c(8º)
=336  \\$atext$2rdacontent
=337  \\$aunmediated$2rdamedia
=338  \\$avolume$2rdacarrier
=883  0\$aLanguage codes assigned by Bayesian analysis of words present in record$d20201028$qUk$c0.9010
=852  41$aBritish Library$bHMNTS$j08768.ccc.33.
=852  41$aBritish Library$bDSC$jW28/1987
=852  11$aBritish Library$bDSC$h681.2
=985  \\$aUpgraded by BSS-generated file for WR1910-0531
=CAT  \\$aCONV$b00$c20040502$lBLL01$h1008
=CAT  \\$a8964$b40$c20050714$lBLL01$h1705
=CAT  \\$aBATCH$b00$c20091203$lBLL01$h0023
=CAT  \\$aBATCH-UPD$b00$c20100911$lBLL01$h0952
=CAT  \\$aBLSS-CORR$b00$c20110311$lBLL01$h1752
=CAT  \\$aBATCH-UPD$b00$c20130318$lBLL01$h0156
=CAT  \\$a1805-0738$c20181123$lBLL01$h1810
=CAT  \\$a1805-0738$b00$c20181123$lBLL01$h1850
=CAT  \\$aW1910-0531$b00$c20191108$lBLL01$h1759
=CAT  \\$aW2001-2376$c20200612$lBLL01$h1927
=CAT  \\$aW2201-1476$b00$c20220218$lBLL01$h1835
=FIN  \\$aY
=LEO  \\$aMP1.0003840988
=SRC  \\$aBLS01$bbibmp1.200404.2.ae
=LAS  \\$aW2201-1476$b00$c20220218$lBLL01$h1835

