=LDR  01714cam a22004933  4500
=001  003903043
=003  Uk
=005  20220225180745.0
=008  900903|1930||||enk\\\\||\\\\\|||\||eng\\
=FMT  \\$a  BK
=019  x\$a3492450008
=019  x\$a1982440082
=040  \\$aUk$cUk
=100  1\$aWheeler, Mortimer,$d1890-1976.
=245  10$aLondon in Roman Times.
=264  \1$aLondon,$c1930.
=300  \\$a210 pages, LXI plates ;$c(8º)
=336  \\$atext$2rdacontent
=337  \\$aunmediated$2rdamedia
=338  \\$avolume$2rdacarrier
=490  0\$aLondon Museum catalogues ;$vno. 3
=883  0\$aLanguage codes assigned by Bayesian analysis of words present in record$d20201028$qUk$c0.9010
=852  41$aBritish Library$bHMNTS$j010349.u.33/3.
=852  41$aBritish Library$bDSC$h942.101
=985  \\$aUpgraded by BSS-generated file for WR1910-0531
=CAT  \\$aCONV$b00$c20040502$lBLL01$h1014
=CAT  \\$a8874$b40$c20070917$lBLL01$h1135
=CAT  \\$aBATCH-UPD$b40$c20080211$lBLL01$h2044
=CAT  \\$aBATCH$b00$c20091203$lBLL01$h2255
=CAT  \\$aBATCH$b00$c20091224$lBLL01$h0319
=CAT  \\$aWR11_211$c20120725$lBLL01$h1740
=CAT  \\$aBLSS-CORR$b00$c20120725$lBLL01$h1743
=CAT  \\$a8874$b40$c20150820$lBLL01$h1239
=CAT  \\$a1805-0738$c20181130$lBLL01$h1809
=CAT  \\$a1805-0738$b00$c20181130$lBLL01$h1848
=CAT  \\$aW1910-0531$b00$c20191108$lBLL01$h1805
=CAT  \\$aW2001-2376$c20200619$lBLL01$h1858
=CAT  \\$aW2201-1476$b00$c20220225$lBLL01$h1807
=FIN  \\$aY
=LEO  \\$aMP1.0004178163
=LEO  \\$aMP1.0002370261.0.3
=SRC  \\$aBLS01$bbibmp1.200404.2.ac
=SRC  \\$aBLS01$bbibmp1.200404.2.ae
=LAS  \\$aW2201-1476$b00$c20220225$lBLL01$h1807

