=LDR  02349 am a2200661 i 4500
=001  003941136
=003  Uk
=005  20200619190338.0
=008  901001s1936\\\\enka\\\\\b\\\|0|0\0|eng\\
=FMT  \\$a  BK
=019  x\$a3523410029
=019  0\$as081332009
=019  u\$aG11166753
=040  \\$aUk$beng$cUk$erda
=042  \\$aukblsr
=082  04$a338.17371$223
=084  \\$aHR 90$2blsrissc
=245  00$aTobacco, its culture and manufacture.
=250  \\$aSecond edition.
=264  \1$a[Bristol] :$bW.D. & H.O. Wills,$cJune 1936.
=300  \\$a64 pages :$billustrations (black and white) ;$c25 cm (8º)
=336  \\$atext$2rdacontent
=336  \\$astill image$2rdacontent
=337  \\$aunmediated$2rdamedia
=338  \\$avolume$2rdacarrier
=500  \\$a"With the compliments of W.D. & H.O. Wills."--Cover.
=504  \\$aIncludes bibliographical references.
=650  \0$aTobacco industry.
=650  \0$aTobacco$xProcessing.
=650  \0$aTobacco$zBristol$xHistory.
=650  \0$aTobacco$xSocial aspects.
=690  7\$aManagement and Business Studies$2blcoll
=710  2\$aW.D. & H.O. Wills (Firm),$epublisher.
=710  1\$aGreat Britain.$bPatent Office.$bLibrary,$eformer owner.$5Uk
=852  41$aBritish Library$bHMNTS$jX.311/1662.
=852  41$aBritish Library$bHMNTS$jYD.2019.a.412
=852  71$aBritish Library$bSTI$cRES$kTrade Literature Collection$2blsrissc
=852  41$aBritish Library$bDSC$jW30/4546
=985  \\$aCorrected by BSS-generated file for WR# 11/031.a
=985  \\$aCorrected by MS generated file for WR# 1805-0738
=CAT  \\$aCONV$b00$c20040502$lBLL01$h1015
=CAT  \\$aBATCH$b00$c20091203$lBLL01$h2310
=CAT  \\$aBLSS-CORR$b00$c20110224$lBLL01$h1506
=CAT  \\$a11069$b40$c20170912$lBLL01$h1507
=CAT  \\$aBATCH-MBS$c20170915$lBLL01$h2121
=CAT  \\$a9665$b40$c20171101$lBLL01$h0959
=CAT  \\$a1805-0738$c20181130$lBLL01$h1814
=CAT  \\$a1805-0738$b00$c20181130$lBLL01$h1853
=CAT  \\$a11948$b40$c20190207$lBLL01$h1521
=CAT  \\$aW2001-2376$c20200619$lBLL01$h1903
=FIN  \\$aY
=LEO  \\$aMP1.0004217628
=LEO  \\$aMP26.0000004315
=LEO  \\$aMP34.0000421629
=SRC  \\$aBLS01$bbibmp1.200404.2.ae
=SRC  \\$aSRI02$bbibmp26.200404.2.aa
=SRC  \\$aUCB01$bbibmp34.200404.2.aa
=LAS  \\$aW2001-2376$b00$c20200619$lBLL01$h1903

