=LDR  01305aam a2200397 a 4500
=001  004074783
=003  Uk
=005  20100715093803.0
=008  910218m19689999ii\a\\\\\\\\\\000\p\eng\\
=FMT  \\$a  BK
=019  x\$a3660420026
=040  \\$aUk$beng$cUk$dUk
=042  \\$aukblsr
=100  1\$aChowdhury, Ashraf.
=245  10$aLofty light /$cby One [i.e. Ashraf Chowdhury].
=260  \\$aKatwa :$bA. Chowdhury,$c1968-
=300  \\$av. :$bill. ;$c19-21 cm.
=336  \\$atext$2rdacontent
=337  \\$aunmediated$2rdamedia
=338  \\$avolume$2rdacarrier
=500  \\$aPts. 2 & 3 published by: Nadia : Wayesh Karani & Omar Pharuk, 2007-2008.
=650  \0$aIndic poetry (English)
=650  \0$aDevotional poetry, Indic.
=852  41$aBritish Library$bHMNTS$jX.900/10051.$i1st pt.
=852  41$aBritish Library$bOC$i1st pt.
=852  41$aBritish Library$bOC$jYD.2010.a.9558$i2nd pt.
=852  41$aBritish Library$bOC$jYD.2009.a.739$i3rd pt.
=CAT  \\$aCONV$b00$c20040502$lBLL01$h1020
=CAT  \\$a4039$b40$c20041105$lBLL01$h1707
=CAT  \\$c20090612$lBLL01$h1644
=CAT  \\$aBATCH$b00$c20091204$lBLL01$h0003
=CAT  \\$a6989$b40$c20100715$lBLL01$h0938
=FIN  \\$aY
=LEO  \\$aMP1.0004364749
=SRC  \\$aBLS01$bbibmp1.200404.2.ae
=LAS  \\$a6989$b40$c20100715$lBLL01$h0938

