=LDR  01317 am a22003733  4500
=001  004076091
=003  Uk
=005  20100401103730.0
=008  940818s1906\\\\ru\\\\\\a\\\\\000\0\rus\d
=FMT  \\$a  BK
=019  x\$a3661500074
=040  \\$aCUY$cCUY$dOCLCQ$dOCLCG$dUk
=042  \\$aukblsr
=100  1\$aPlekhanov, Georgiĭ Valentinovich,$d1856-1918.
=245  10$6880-01$aNashi raznoglasīi︠a︡ /$cG.V. Plekhanov.
=246  11$aNashi raznoglasii︠a︡
=260  \\$a[S.-Peterburg] :$bKnigoizdatelʹstvo "Novyĭ mir",$c1906.
=300  \\$a309 p. ;$c19 cm.
=336  \\$atext$2rdacontent
=337  \\$aunmediated$2rdamedia
=338  \\$avolume$2rdacarrier
=651  \0$aSoviet Union$xEconomic conditions.
=650  \0$aSocialism$zRussia.
=600  10$aTikhomirov, Lev Aleksandrovich,$d1850-1923.
=880  01$6245-10$aНаши разногласія.
=852  41$aBritish Library$bHMNTS$jX.529/48928.
=852  41$aBritish Library$bHMNTS$qCopy at XXXX. Imperfect: with manuscript annotation of the previous owner: 28 noi︠a︡bri︠a︡ 1906
=CAT  \\$aCONV$b00$c20040502$lBLL01$h1020
=CAT  \\$aBATCH$b00$c20091204$lBLL01$h0004
=CAT  \\$a11937$b40$c20100401$lBLL01$h1037
=FIN  \\$aY
=LEO  \\$aMP1.0004366162
=SID  \\$aZ39$bOCLC
=LAS  \\$a11937$b40$c20100401$lBLL01$h1037

