=LDR  02538cas a22005657a 4500
=001  004127410
=003  Uk
=005  20211015212425.0
=007  ta
=008  020307c19619999enkar\p\\\\\\\0\\\a0eng\\
=FMT  \\$a  SE
=019  x\$a5000186931
=040  \\$aUK$cUk$dUk
=082  04$a338.76$223
=110  2\$aMothercare (Firm)
=245  10$aAnnual report /$cMothercare Limited.
=246  13$aAnnual report and accounts
=246  13$aDirectors' report and accounts
=260  \\$aLondon :$bMothercare Limited
=264  31$32000-$aWatford :$bMothercare plc
=336  \\$atext$2rdacontent
=337  \\$aunmediated$2rdamedia
=338  \\$avolume$2rdacarrier
=500  \\$aTitle varies.
=500  \\$aIncludes strategic and forecasting reports where available.
=588  \\$aLatest issue consulted: Annual report and accounts, 2001.
=597  \\$aRapid and Deferred card.
=610  20$aMothercare (Firm)$vPeriodicals.
=650  \0$aCorporation reports$zGreat Britain$vPeriodicals.
=650  \0$aBusiness planning$zGreat Britain$vPeriodicals.
=690  7\$aManagement and Business Studies$2blcoll
=787  0\$aHabitat Mothercare (Firm).$sAnnual report and accounts for the year ended 27th June ... (Habitat Mothercare)
=852  41$aBritish Library$bHMNTS$jP.513/1039.$31975-
=852  11$aBritish Library$bSTI$cBIPC$kBIS$31974-1980, 2001-2023
=985  \\$aExisting record for a PLC annual report. All [Annual reports, financial reports, etc.] for Mothercare limited or plc to be accessioned here, until body name changes and a new style Company financial reports record can be created.
=985  \\$aRelates to Mothercare PLC and Mothercare Limited. Mothercare Habitat was a parent company from 1982-1990 and is catalogued separately on 010651680
=CAT  \\$aCONV$b00$c20040502$lBLL01$h1021
=CAT  \\$aBATCH$b00$c20091204$lBLL01$h0029
=CAT  \\$a5194$b40$c20110519$lBLL01$h1215
=CAT  \\$a8124$b40$c20210629$lBLL01$h1037
=CAT  \\$a8124$b40$c20210629$lBLL01$h1058
=CAT  \\$aBATCH-MBS$c20211015$lBLL01$h2124
=FIN  \\$aY
=LEO  \\$aMP1.0004419251
=LET  \0$aCompany reports of operating and financial results for Mothercare Limited, Mothercare plc
=LKR  \\$aPAR$b010651680$lBLL01$nAnnual report and accounts for the year ended 27th June ... / Habitat Mothercare$mAnnual report and accounts / Mothercare (Firm)$r787
=SRC  \\$aBLS01$bbibmp1.200404.2.ae
=SRC  \\$aDSS04$bbibld.200404.2.aa
=TCO  \\$aCLA$bCLA$c008
=LAS  \\$aBATCH-MBS$b00$c20211015$lBLL01$h2124

