=LDR  02878cam a2200745 a 4500
=001  004159610
=003  Uk
=005  20221231161014.0
=008  990202s1974\\\\gw\\\\\\\\\\\\000\0\ger\\
=FMT  \\$a  BK
=019  x\$a2071130286
=019  s\$aoaoc04156
=040  \\$aUk$cUk
=041  0\$ager$asyr
=042  \\$aukblsr
=082  04$a492.386
=100  1\$aMacuch, Rudolf.
=245  10$aNeusyrische Chrestomathie /$cvon Rudolf Macuch und Estiphan Panoussi.
=260  \\$aWiesbaden :$bOtto Harrassowitz,$c1974.
=300  \\$axxix, 244 p. ;$c23 cm.
=336  \\$atext$2rdacontent
=337  \\$aunmediated$2rdamedia
=338  \\$avolume$2rdacarrier
=490  1\$aPorta linguarum orientalium. Neue Serie ;$v13.
=540  \\$aCurrent Copyright Fee: GBP25.00$c0$5Uk
=650  \0$aSyriac language, Modern$vReaders.
=650  \0$aSyriac language, Modern$vGlossaries, vocabularies, etc.
=700  1\$aPanoussi, Estiphan,$d1935-
=830  \0$aPorta linguarum orientalium. Neue Serie ;$v13.
=852  41$aBritish Library$bHMNTS$j012902.r.1/56.
=852  41$aBritish Library$bOC$h753.z.19
=852  4\$aBritish Library$bDSC$j6555.505000$iv 13
=852  4\$aBritish Library$bDSC$j6555.505000$in.s.13
=CAT  \\$aCONV$b00$c20040502$lBLL01$h1023
=CAT  \\$aUCB-HOL$b00$c20070905$lBLL01$h1515
=CAT  \\$aBATCH$b00$c20070905$lBLL01$h2207
=CAT  \\$aBATCH$b00$c20071125$lBLL01$h0140
=CAT  \\$a1722$b40$c20081023$lBLL01$h1555
=CAT  \\$a1722$b40$c20081023$lBLL01$h1711
=CAT  \\$a1722$b40$c20081023$lBLL01$h1713
=CAT  \\$aBATCH$b00$c20091204$lBLL01$h0044
=CAT  \\$aBATCH$b00$c20091216$lBLL01$h2203
=CAT  \\$aBATCH-CLA$b00$c20140810$lBLL01$h1342
=CAT  \\$aBATCH-CLA$b00$c20161222$lBLL01$h1557
=CAT  \\$aIPL-CLA$c20161230$lBLL01$h1507
=CAT  \\$aBATCH-CLA$b00$c20171222$lBLL01$h1844
=CAT  \\$aIPL-CLA$c20171231$lBLL01$h1058
=CAT  \\$aBATCH-CLA$b00$c20191219$lBLL01$h1517
=CAT  \\$aIPL-CLA$c20191231$lBLL01$h1520
=CAT  \\$aR2001-1524$c20200127$lBLL01$h1906
=CAT  \\$aBATCH-CLA$b00$c20200128$lBLL01$h0410
=CAT  \\$aBATCH-CLA$b00$c20201204$lBLL01$h1304
=CAT  \\$aIPL-CLA$c20201231$lBLL01$h1647
=CAT  \\$aBATCH-CLA$b00$c20221221$lBLL01$h1559
=CAT  \\$aIPL-CLA$c20221231$lBLL01$h1610
=CFI  0\$aCurrent Copyright Fee: GBP25.00$c0$e01-jan-2023$fGBP25.00$g0$hA$5Uk
=CFI  2\$aPrevious Copyright Fee: GBP22.50$c0$e01-jan-2021$fGBP22.50$g0$hA$5Uk
=FIN  \\$aY
=LEO  \\$aMP1.0002472715
=SRC  \\$aBLS01$bbibmp1.200404.2.ac
=SRC  \\$aUCB 2007
=ACF  \\$aPrevious Copyright Fee: GBP12.30$c0$e01-jan-2014$fGBP12.30$g0$hA$5Uk
=ACF  \\$aPrevious Copyright Fee: GBP15.00$c0$e01-jan-2017$fGBP15.00$g0$hA$5Uk
=ACF  \\$aPrevious Copyright Fee: GBP20.00$c0$e01-jan-2020$fGBP20.00$g0$hA$5Uk
=LAS  \\$aIPL-CLA$b00$c20221231$lBLL01$h1610

