=LDR  01743 cm a22004697  4500
=001  004192904
=003  Uk
=005  20150812215200.0
=008  930308s1932\\\\enk|||\||||||||||\\\und\|
=FMT  \\$a  MU
=019  d\$aae08150270
=040  \\$aUk$cUk
=082  14$a780$215
=100  1\$aBantock, Granville,$cSir,$d1868-1946.
=245  10$aTen Negro Spirituals. Arranged for Chorus of male Voices, unaccompanied, by G. Bantock.
=260  \\$aLondon :$bNovello & Co,$c1932.
=300  \\$a10 no ;$c8.̊
=336  \\$anotated music$2rdacontent
=337  \\$aunmediated$2rdamedia
=338  \\$avolume$2rdacarrier
=490  0\$aThe Orpheus ;$vNo.631-640
=852  41$aBritish Library$bMUSIC$jE.1748./631-640$oE
=852  41$aBritish Library$bDSC$cMUSIC$jmDON1224$ino. 5
=852  41$aBritish Library$bDSC$cMUSIC$jmDON1226$ino. 7
=852  41$aBritish Library$bDSC$cMUSIC$jmDON1227$ino. 8
=852  41$aBritish Library$bDSC$cMUSIC$jmDON1228$ino. 9
=852  41$aBritish Library$bDSC$cMUSIC$jmDON1225$ino. 6
=852  41$aBritish Library$bDSC$cMUSIC$jmDON1229$ino. 10
=852  41$aBritish Library$bDSC$cMUSIC$jmDON1222$ino. 3
=852  41$aBritish Library$bDSC$cMUSIC$jmDON1223$ino. 4
=852  41$aBritish Library$bDSC$cMUSIC$mmDON1220$ino. 1
=852  41$aBritish Library$bDSC$cMUSIC$jmDON1221$ino. 2
=CAT  \\$aCONV$b00$c20040502$lBLL01$h1025
=CAT  \\$aglobal_upd$b40$c20060416$lBLL01$h1513
=CAT  \\$a11244$b40$c20061003$lBLL01$h1110
=CAT  \\$aBATCH$b00$c20091204$lBLL01$h0057
=CAT  \\$aBATCH$b00$c20091224$lBLL01$h0340
=CAT  \\$aWR15_100$c20150812$lBLL01$h2152
=FIN  \\$aY
=LEO  \\$aMP15.0000030687
=SRC  \\$aCPM01$bbibmp15.200404.2.aa
=LAS  \\$aWR15_100$b00$c20150812$lBLL01$h2152

