=LDR  01471 cm a22004217  4500
=001  004303791
=003  Uk
=005  20120706152946.0
=008  930316s1878\\\\enk|||\||||||||||\\\zxx\|
=FMT  \\$a  MU
=019  d\$ach16710001
=040  \\$aUk$cUk
=082  14$a780$215
=100  1\$aDevereux, Charles$c(Composer)
=245  10$aCache - Cache! (Hide & Seek.) Première mazurka pour Piano.
=264  \1$aLondon,$c[1878]
=300  \\$c(folio)
=336  \\$anotated music$2rdacontent
=337  \\$aunmediated$2rdamedia
=338  \\$avolume$2rdacarrier
=340  \\$mfolio$2rdabf
=852  41$aBritish Library$bDSC$cMUSIC
=852  41$aBritish Library$bMUSIC$jh.3406.(2.)
=985  \\$aCorrected by MS generated file for WR# 1805-0738
=CAT  \\$aCONV$b00$c20040502$lBLL01$h1027
=CAT  \\$a8964$b40$c20090818$lBLL01$h1043
=CAT  \\$aBATCH$b00$c20091205$lBLL01$h1813
=CAT  \\$a8870$b40$c20120706$lBLL01$h1529
=CAT  \\$aBATCH-UPD$b40$c20130328$lBLL01$h0053
=CAT  \\$aWR15_100$c20150816$lBLL01$h1615
=CAT  \\$a1805-0738$c20181207$lBLL01$h1803
=CAT  \\$a1805-0738$b00$c20181207$lBLL01$h1843
=CAT  \\$aW1904-0451$c20190504$lBLL01$h1916
=FIN  \\$aY
=LEO  \\$aMP15.0000141693
=LKR  \\$aANA$b016120381$lBLL01$r773$mCache - Cache! (Hide & Seek.) Première mazurka pour Piano.$n[Collection of piano works by Charles Devereux].
=SRC  \\$aCPM01$bbibmp15.200404.2.aa
=LAS  \\$aW1904-0451$b00$c20190504$lBLL01$h1916

