=LDR  01533 cm a22004337  4500
=001  004303797
=003  Uk
=005  20120706151801.0
=008  930316s1879\\\\enk|||\||||||||||\\\zxx\|
=FMT  \\$a  MU
=019  d\$ach16710007
=040  \\$aUk$cUk
=082  14$a780$215
=100  1\$aDevereux, Charles$c(Composer)
=245  14$aThe Olden Day, R. F. Harvey's ... Ballad transcribed for the Piano.
=264  \1$aLondon,$c[1879]
=300  \\$c(folio)
=336  \\$anotated music$2rdacontent
=337  \\$aunmediated$2rdamedia
=338  \\$avolume$2rdacarrier
=340  \\$mfolio$2rdabf
=852  41$aBritish Library$bDSC$cMUSIC
=852  41$aBritish Library$bMUSIC$jh.3406.(3.)
=985  \\$aCorrected by MS generated file for WR# 1805-0738
=CAT  \\$aCONV$b00$c20040502$lBLL01$h1027
=CAT  \\$a8964$b40$c20090818$lBLL01$h1043
=CAT  \\$aBATCH$b00$c20091205$lBLL01$h1813
=CAT  \\$a8870$b40$c20120706$lBLL01$h1517
=CAT  \\$a8870$b40$c20120706$lBLL01$h1518
=CAT  \\$aBATCH-UPD$b40$c20130328$lBLL01$h0053
=CAT  \\$aWR15_100$c20150816$lBLL01$h1615
=CAT  \\$a1805-0738$c20181207$lBLL01$h1803
=CAT  \\$a1805-0738$b00$c20181207$lBLL01$h1843
=CAT  \\$aW1904-0451$c20190504$lBLL01$h1916
=FIN  \\$aY
=LEO  \\$aMP15.0000141699
=LKR  \\$aANA$b016120381$lBLL01$r773$mThe Olden Day, R. F. Harvey's ... Ballad transcribed for the Piano.$n[Collection of piano works by Charles Devereux].
=SRC  \\$aCPM01$bbibmp15.200404.2.aa
=LAS  \\$aW1904-0451$b00$c20190504$lBLL01$h1916

