=LDR  01557 cm a22004217  4500
=001  004329028
=003  Uk
=005  20120706153608.0
=008  930317s1878\\\\enk|||\||||||||||\\\zxx\|
=FMT  \\$a  MU
=019  d\$ada04180001
=040  \\$aUk$cUk
=082  14$a780$215
=100  1\$aEwald, Eric.
=245  10$aLa Fille du Régiment [by D. G. M. Donizetti]. Fantaisie de concert sur l'air tyrolien pour Piano,etc.
=264  \1$aLondon :$bEwald & Co,$c[1878]
=300  \\$c(folio)
=336  \\$anotated music$2rdacontent
=337  \\$aunmediated$2rdamedia
=338  \\$avolume$2rdacarrier
=340  \\$mfolio$2rdabf
=700  1\$aDonizetti, Gaetano,$d1797-1848.
=852  41$aBritish Library$bDSC$cMUSIC
=852  41$aBritish Library$bMUSIC$jh.1494.h.(23.)
=985  \\$aCorrected by MS generated file for WR# 1805-0738
=CAT  \\$aCONV$b00$c20040502$lBLL01$h1028
=CAT  \\$aBATCH-UPD$b00$c20081217$lBLL01$h1833
=CAT  \\$aBATCH$b00$c20091205$lBLL01$h1823
=CAT  \\$a8870$b40$c20120706$lBLL01$h1536
=CAT  \\$aWR15_100$c20150818$lBLL01$h0344
=CAT  \\$a1805-0738$c20181207$lBLL01$h1806
=CAT  \\$a1805-0738$b00$c20181207$lBLL01$h1846
=CAT  \\$aW1904-0451$c20190504$lBLL01$h1917
=FIN  \\$aY
=LEO  \\$aMP15.0000166953
=LKR  \\$aANA$b016120381$lBLL01$r773$mLa Fille du Régiment [by D. G. M. Donizetti]. Fantaisie de concert sur l'air tyrolien pour Piano,etc.$n[Collection of piano works by Charles Devereux].
=SRC  \\$aCPM01$bbibmp15.200404.2.aa
=LAS  \\$aW1904-0451$b00$c20190504$lBLL01$h1917

