=LDR  00856 aa a22002893u 4500
=001  006315720
=003  Uk
=005  20091206234800.0
=008  \\\\\\||||||||||||\\\\||\\\\o0||\||eng\\
=FMT  \\$a  BK
=019  a\$aG02614888
=040  \\$aUk$cUk
=245  00$aEconomic management in Bangladesh 1975-1982.
=260  \\$bIDC,$c[nd]
=336  \\$atext$2rdacontent
=337  \\$aunmediated$2rdamedia
=338  \\$avolume$2rdacarrier
=710  2\$aBangladesh Institute of Development Studies.
=852  41$aBritish Library$bDSC$jMFE - 108
=852  41$aBritish Library$bDSC$iKD-3128/1
=CAT  \\$aCONV$b00$c20040502$lBLL01$h1135
=CAT  \\$aglobal_upd$b40$c20060416$lBLL01$h0028
=CAT  \\$aBATCH$b00$c20091206$lBLL01$h2348
=FIN  \\$aY
=LEO  \\$aMP8.0001206305
=SRC  \\$aDSC01$bbibmp8.200404.2.ab
=LAS  \\$aBATCH$b00$c20091206$lBLL01$h2348

