=LDR  01530 am a22004453  4500
=001  002171990
=003  Uk
=005  20200523112211.0
=008  890224|1958||||enk\\\\||\\\\\|||\||eng\\
=FMT  \\$a  BK
=019  x\$a1923910094
=040  \\$aUk$cUk
=100  1\$aLINCOLN, John,$cpseud. [i.e. Maurice H. Cardiff]
=245  10$aAchilles and the Tortoise. An eastern Ægean exploit.
=264  \1$aLondon :$bHeinemann,$c1958.
=300  \\$a256 pages ;$c(8º)
=336  \\$atext$2rdacontent
=337  \\$aunmediated$2rdamedia
=338  \\$avolume$2rdacarrier
=852  41$aBritish Library$bHMNTS$j9103.d.37.
=852  4\$aBritish Library$bDSC$jXD24/1595
=852  4\$aBritish Library$bDSC$jW12/8402$xMissing
=852  4\$aBritish Library$bDSC$xMsg 10/5/93
=985  \\$aUpgraded by BSS-generated file for WR1910-0531
=CAT  \\$aCONV$b00$c20040502$lBLL01$h0937
=CAT  \\$aUCB-HOL$b00$c20070903$lBLL01$h1559
=CAT  \\$aBATCH$b00$c20070903$lBLL01$h2324
=CAT  \\$aBATCH$b00$c20071124$lBLL01$h1524
=CAT  \\$aBATCH$b00$c20091129$lBLL01$h0246
=CAT  \\$aBLSS-CORR$b00$c20110421$lBLL01$h1640
=CAT  \\$aWR12.139$b00$c20130503$lBLL01$h1951
=CAT  \\$a1805-0738$c20181019$lBLL01$h1833
=CAT  \\$a1805-0738$b00$c20181019$lBLL01$h1910
=CAT  \\$aW1910-0531$b00$c20200327$lBLL01$h1813
=CAT  \\$aW2001-2376$c20200523$lBLL01$h1122
=FIN  \\$aY
=LEO  \\$aMP1.0002304513
=SRC  \\$aBLS01$bbibmp1.200404.2.ac
=SRC  \\$aUCB 2007
=LAS  \\$aW2001-2376$b00$c20200523$lBLL01$h1122

