=LDR  02433cam a22006373  4500
=001  002211757
=003  Uk
=005  20230302172122.0
=008  890228|1967|||||||\\\\||\\\\\|||\||eng\\
=FMT  \\$a  BK
=019  x\$a1962790010
=040  \\$aUk$cUk
=100  1\$aLoewe, Michael.
=245  10$aRecords of Han administration. [With plates and a bibliography.]
=264  \1$aCambridge :$bUniversity Press,$c1967.
=300  \\$a2 volumes ;$c(4º)
=336  \\$atext$2rdacontent
=337  \\$aunmediated$2rdamedia
=338  \\$avolume$2rdacarrier
=490  0\$a[University of Cambridge Oriental publications. no. 11, 12.]
=597  \\$aBLCEDITMULTIPM
=540  \\$aCurrent Copyright Fee: GBP22.50$c0$5Uk
=883  0\$aLanguage codes assigned by Bayesian analysis of words present in record$d20201028$qUk$c0.9010
=852  41$aBritish Library$bOC$j14540.a.76/11,12.
=852  4\$aBritish Library$bDSC$j9106.195000$iV 11
=852  4\$aBritish Library$bDSC$iV 12
=985  \\$aCorrected by BSS-generated file for WR# 11/211
=985  \\$aCorrected by MS generated file for WR# 1805-0738
=CAT  \\$aCONV$b00$c20040502$lBLL01$h0938
=CAT  \\$aBATCH-UPD$b00$c20060723$lBLL01$h2051
=CAT  \\$aUCB-HOL$b00$c20070903$lBLL01$h1559
=CAT  \\$aBATCH$b00$c20070903$lBLL01$h2325
=CAT  \\$aBATCH$b00$c20071124$lBLL01$h1525
=CAT  \\$aBATCH$b00$c20091129$lBLL01$h0300
=CAT  \\$aBATCH$b00$c20091224$lBLL01$h0132
=CAT  \\$aBLSS-CORR$b00$c20120224$lBLL01$h1715
=CAT  \\$aBATCH-CLA$b00$c20170602$lBLL01$h0117
=CAT  \\$a1805-0738$c20181026$lBLL01$h1754
=CAT  \\$a1805-0738$b00$c20181026$lBLL01$h1837
=CAT  \\$aBATCH-CLA$b00$c20181027$lBLL01$h0114
=CAT  \\$aW2001-2376$c20200523$lBLL01$h1126
=CAT  \\$aBATCH-CLA$b00$c20200524$lBLL01$h0116
=CAT  \\$aBATCH-CLA$b00$c20210328$lBLL01$h1308
=CAT  \\$aIPL-CLA$c20210331$lBLL01$h1805
=CAT  \\$aW2201-1476$b00$c20220204$lBLL01$h1819
=CAT  \\$aBATCH-CLA$b00$c20220205$lBLL01$h0118
=CAT  \\$aBATCH-CLA$b00$c20221206$lBLL01$h1700
=CAT  \\$aIPL-CLA$c20221231$lBLL01$h1602
=CAT  \\$aBATCH-CLA$b00$c20230302$lBLL01$h1721
=CFI  0\$aCurrent Copyright Fee: GBP22.50$c0$e09-feb-2023$fGBP22.50$g0$hC$5Uk
=FIN  \\$aY
=LEO  \\$aMP1.0002346748
=SRC  \\$aBLS01$bbibmp1.200404.2.ac
=SRC  \\$aUCB 2007
=TCO  \\$aCLA$bCLA$c008
=LAS  \\$aBATCH-CLA$b00$c20230302$lBLL01$h1721

