=LDR  01655 am a22004093  4500
=001  002243191
=003  Uk
=005  20200523113049.0
=008  890721|1907|||||||\\\\||\\\\\|||\||eng\\
=FMT  \\$a  BK
=019  x\$a199049000X
=040  \\$aUk$cUk
=110  2\$aRoyal Observatory, Edinburgh.
=245  10$aPhoto-Heliographic Results, 1874 to 1885. Being supplementary results from photographs of the sun taken at Greenwich ... in the years 1874 to 1885, and measured and reduced ... under the direction of Sir W. H. M. Christie ... Appendix to the Greenwich Observations, 1905.
=264  \1$aEdinburgh,$c1907.
=300  \\$axxiii, 321 pages ;$c(4º)
=336  \\$atext$2rdacontent
=337  \\$aunmediated$2rdamedia
=338  \\$avolume$2rdacarrier
=700  1\$aCHRISTIE, William Henry Mahoney,$cSir,$cK.C.B.
=886  2\$2blmarc$a709$b00$aCHRISTIE$eSir$hWilliam Henry Mahoney$fK.C.B.$pAc.4173/10.$x0620450231
=852  41$aBritish Library$bHMNTS$jAc.4173/10.
=852  11$aBritish Library$bDSC$hf523.74
=985  \\$aUpgraded by BSS-generated file for WR1910-0531
=CAT  \\$aCONV$b00$c20040502$lBLL01$h0939
=CAT  \\$a5194$b40$c20060306$lBLL01$h1008
=CAT  \\$a5194$b40$c20060306$lBLL01$h1031
=CAT  \\$aBATCH$b00$c20091129$lBLL01$h0312
=CAT  \\$aBLSS-CORR$b00$c20110421$lBLL01$h1641
=CAT  \\$a1805-0738$c20181026$lBLL01$h1758
=CAT  \\$a1805-0738$b00$c20181026$lBLL01$h1840
=CAT  \\$aW1910-0531$b00$c20200327$lBLL01$h1816
=CAT  \\$aW2001-2376$c20200523$lBLL01$h1130
=FIN  \\$aY
=LEO  \\$aMP1.0002377254
=SRC  \\$aBLS01$bbibmp1.200404.2.ac
=LAS  \\$aW2001-2376$b00$c20200523$lBLL01$h1130

