=LDR  01241 am a22003853  4500
=001  002247265
=003  Uk
=005  20200523113115.0
=008  890721|1942||||enk\\\\||\\\\\|||\|||||\\
=FMT  \\$a  BK
=019  x\$a1991830076
=040  \\$aUk$cUk
=110  2\$aTate Gallery.
=245  10$aTate Gallery. Illustrations. British School.
=264  \1$aLondon,$c[1942]
=300  \\$a108 pages ;$c(4º)
=336  \\$atext$2rdacontent
=337  \\$aunmediated$2rdamedia
=338  \\$avolume$2rdacarrier
=852  41$aBritish Library$bHMNTS$j7867.cc.14.
=852  11$aBritish Library$bDSC$hq759.2
=985  \\$aUpgraded by BSS-generated file for WR1910-0531
=CAT  \\$aCONV$b00$c20040502$lBLL01$h0939
=CAT  \\$a5194$b40$c20060227$lBLL01$h1629
=CAT  \\$aBATCH$b00$c20091129$lBLL01$h0313
=CAT  \\$aBLSS-CORR$b00$c20111222$lBLL01$h1549
=CAT  \\$a1805-0738$c20181026$lBLL01$h1759
=CAT  \\$a1805-0738$b00$c20181026$lBLL01$h1841
=CAT  \\$aBATCH-UPD$b00$c20181026$lBLL01$h2129
=CAT  \\$aW1910-0531$b00$c20191101$lBLL01$h1806
=CAT  \\$aW2001-2376$c20200523$lBLL01$h1131
=FIN  \\$aY
=LEO  \\$aMP1.0002381170
=SRC  \\$aBLS01$bbibmp1.200404.2.ac
=LAS  \\$aW2001-2376$b00$c20200523$lBLL01$h1131

