=LDR  01892cam a22004933  4500
=001  002249230
=003  Uk
=005  20220204182037.0
=008  950426|1910||||enk\\\\||\\\\\|||\||eng\\
=FMT  \\$a  BK
=019  x\$a1992480125
=040  \\$aUk$cUk
=110  2\$aVictoria and Albert Museum.
=245  10$a[Chinese Art. By ... Stephen W. Bushell ... Second edition, revised.]
=250  \\$aSecond edition, reprinted.
=264  \1$aLondon,$c1910.
=300  \\$a2 volumes ;$c(8º)
=336  \\$atext$2rdacontent
=337  \\$aunmediated$2rdamedia
=338  \\$avolume$2rdacarrier
=700  1\$aBUSHELL, Stephen Wootton.
=787  0\$tChinese Art. By ... Stephen W. Bushell ... Second edition, revised.$w(Uk)MP1.0002383100$dLondon, 1909. 8º.
=886  2\$2blmarc$a709$b00$aBUSHELL$hStephen Wootton$p07807.g.53.$p07805.g.2.$x0491150032
=883  0\$aLanguage codes assigned by Bayesian analysis of words present in record$d20201028$qUk$c0.9010
=852  41$aBritish Library$bHMNTS$j07805.g.2.
=852  11$aBritish Library$bDSC$h709.51
=985  \\$aUpgraded by BSS-generated file for WR1910-0531
=CAT  \\$aCONV$b00$c20040502$lBLL01$h0939
=CAT  \\$a5194$b40$c20060227$lBLL01$h1143
=CAT  \\$a5194$b40$c20060227$lBLL01$h1151
=CAT  \\$a5194$b40$c20060227$lBLL01$h1158
=CAT  \\$aBATCH$b00$c20091129$lBLL01$h0314
=CAT  \\$aWR11_211$c20121019$lBLL01$h1455
=CAT  \\$aBLSS-CORR$b00$c20121019$lBLL01$h1501
=CAT  \\$a1805-0738$c20181026$lBLL01$h1759
=CAT  \\$a1805-0738$b00$c20181026$lBLL01$h1841
=CAT  \\$aBATCH-UPD$b00$c20181026$lBLL01$h2150
=CAT  \\$aW1910-0531$b00$c20191101$lBLL01$h1806
=CAT  \\$aW2001-2376$c20200523$lBLL01$h1131
=CAT  \\$aW2201-1476$b00$c20220204$lBLL01$h1820
=FIN  \\$aY
=LEO  \\$aMP1.0002383100.1
=SRC  \\$aBLS01$bbibmp1.200404.2.ac
=LAS  \\$aW2201-1476$b00$c20220204$lBLL01$h1820

