=LDR  01581 am a22004213  4500
=001  002300124
=003  Uk
=005  20200529182539.0
=008  890503|1876||||enk\\\\||\\\\\|||\||eng\\
=FMT  \\$a  BK
=019  x\$a2041560088
=040  \\$aUk$cUk
=100  1\$aMaskell, William,$d1814?-1890.
=245  14$aThe Industrial Arts. Historical sketches with ... illustrations. [The preface signed by W. M., i.e. William Maskell.]
=264  \1$a[London] :$bFor the Committee of Council on Education; Chapman & Hall,$c[1876]
=300  \\$axiv, 276 pages ;$c(8º)
=336  \\$atext$2rdacontent
=337  \\$aunmediated$2rdamedia
=338  \\$avolume$2rdacarrier
=886  2\$2blmarc$a709$b00$aARTS$p7958.bbb.2.$x0122110102
=886  2\$2blmarc$a709$b00$aMASKELL$hWilliam$p7958.bbb.2.$x2141930340
=852  41$aBritish Library$bHMNTS$j7958.bbb.2.
=852  11$aBritish Library$bDSC$h745.5
=985  \\$aUpgraded by BSS-generated file for WR1910-0531
=CAT  \\$aCONV$b00$c20040502$lBLL01$h0940
=CAT  \\$a12179$b40$c20080327$lBLL01$h0937
=CAT  \\$aBATCH$b00$c20091129$lBLL01$h0334
=CAT  \\$aBATCH$b00$c20101223$lBLL01$h1759
=CAT  \\$aWR11_211$c20140225$lBLL01$h1813
=CAT  \\$aBLSS-CORR$b00$c20140225$lBLL01$h1821
=CAT  \\$a1805-0738$c20181026$lBLL01$h1807
=CAT  \\$a1805-0738$b00$c20181026$lBLL01$h1847
=CAT  \\$aW1910-0531$b00$c20191101$lBLL01$h1808
=CAT  \\$aW2001-2376$c20200529$lBLL01$h1825
=FIN  \\$aY
=LEO  \\$aMP1.0002437908
=SRC  \\$aBLS01$bbibmp1.200404.2.ac
=LAS  \\$aW2001-2376$b00$c20200529$lBLL01$h1825

