=LDR  01695 as a2200481   4500
=001  002337175
=003  Uk
=005  20130909140748.0
=008  890426d18551857ii\\|\\|\\\\\\0\\\||eng\\
=FMT  \\$a  SE
=019  x\$a2072320216
=040  \\$aUk$cUk
=042  \\$aukblsr
=110  20$aSouth India Christian School Book Society.
=245  10$aAnnual report of the South India Christian School Book Society :$bwith a list of subscribers and donors ...
=264  \1$aMadras,$c1855-1857.
=300  \\$av ;$c21 cm. (8º)
=336  \\$atext$2rdacontent
=337  \\$aunmediated$2rdamedia
=338  \\$avolume$2rdacarrier
=340  \\$m8vo$2rdabf
=362  0\$a1st (1855)-3rd (1857)
=650  \0$aMissions$zIndia$vPeriodicals.
=610  20$aSouth India Christian School Book Society$vPeriodicals.
=852  41$aBritish Library$bHMNTS$j4193.dd.92.
=852  41$aBritish Library$bOC$jTr. 144(l)
=852  \\$aBritish Library$bOC$kORW.1986.a.3423(l)
=852  41$aBritish Library$bOC$jTr. 144(i)
=985  \\$aCorrected by BSS-generated file for WR# 11/211
=985  \\$aCorrected by MS generated file for WR# 1805-0738
=CAT  \\$aCONV$b00$c20040502$lBLL01$h0940
=CAT  \\$c20090612$lBLL01$h1641
=CAT  \\$aBATCH$b00$c20091129$lBLL01$h0349
=CAT  \\$aBLSS-CORR$b00$c20120209$lBLL01$h1541
=CAT  \\$a4039$b40$c20130909$lBLL01$h1359
=CAT  \\$a4039$b40$c20130909$lBLL01$h1407
=CAT  \\$aBATCH-UPD$b40$c20180219$lBLL01$h0312
=CAT  \\$a1805-0738$c20181026$lBLL01$h1812
=CAT  \\$a1805-0738$b00$c20181026$lBLL01$h1852
=FIN  \\$aY
=LEO  \\$aMP1.0002475679
=SRC  \\$aBLS01$bbibmp1.200404.2.ac
=LAS  \\$a1805-0738$b00$c20181026$lBLL01$h1852

