=LDR  01485 am a22004333  4500
=001  002444458
=003  Uk
=005  20200529185218.0
=008  890601|1952||||enk\\\\||\\\\\|||\||eng\\
=FMT  \\$a  BK
=019  x\$a217097010X
=040  \\$aUk$cUk
=100  1\$aMEDLICOTT, William Norton.
=245  14$aThe Economic Blockade. [With plates and maps.]
=264  \1$aLondon,$c1952, 59.
=300  \\$a2 volumes ;$c(8º)
=336  \\$atext$2rdacontent
=337  \\$aunmediated$2rdamedia
=338  \\$avolume$2rdacarrier
=490  0\$aHistory of the Second World War. United Kingdom civil series
=852  41$aBritish Library$bHMNTS$jB.S.68/33.(6.)
=852  11$aBritish Library$bDSC$h940.534205
=985  \\$aUpgraded by BSS-generated file for WR1910-0531
=CAT  \\$aCONV$b00$c20040502$lBLL01$h0943
=CAT  \\$a8874$b40$c20070328$lBLL01$h1030
=CAT  \\$aBATCH$b00$c20091129$lBLL01$h0428
=CAT  \\$aBATCH$b00$c20091213$lBLL01$h1648
=CAT  \\$aBATCH$b00$c20100103$lBLL01$h1037
=CAT  \\$aBATCH$b00$c20101223$lBLL01$h1809
=CAT  \\$aWR11_211$c20120420$lBLL01$h1741
=CAT  \\$aBLSS-CORR$b00$c20120420$lBLL01$h1800
=CAT  \\$a1805-0738$c20181026$lBLL01$h1828
=CAT  \\$a1805-0738$b00$c20181026$lBLL01$h1906
=CAT  \\$aW1910-0531$b00$c20191101$lBLL01$h1812
=CAT  \\$aW2001-2376$c20200529$lBLL01$h1852
=FIN  \\$aY
=LEO  \\$aMP1.0002591600
=SRC  \\$aBLS01$bbibmp1.200404.2.ac
=LAS  \\$aW2001-2376$b00$c20200529$lBLL01$h1852

