=LDR  01374 am a22004093  4500
=001  002452992
=003  Uk
=005  20200529185345.0
=008  890601|1929||||enk\\\\||\\\\\|||\||eng\\
=FMT  \\$a  BK
=019  x\$a2174660318
=040  \\$aUk$cUk
=100  1\$aMELLANBY, May.
=245  10$aDiet and the Teeth: an Experimental Study.
=264  \1$aLondon,$c1929-34.
=300  \\$a3 parts ;$c(8º)
=336  \\$atext$2rdacontent
=337  \\$aunmediated$2rdamedia
=338  \\$avolume$2rdacarrier
=490  0\$a[Medical Research Council. Special Report Series. no. 140, 153, 191.]
=852  41$aBritish Library$bHMNTS$jB.S.25/8.
=852  11$aBritish Library$bDSC$h617.6
=985  \\$aUpgraded by BSS-generated file for WR1910-0531
=CAT  \\$aCONV$b00$c20040502$lBLL01$h0943
=CAT  \\$aBATCH$b00$c20091129$lBLL01$h0431
=CAT  \\$aBATCH$b00$c20091213$lBLL01$h1653
=CAT  \\$aBATCH$b00$c20100103$lBLL01$h1037
=CAT  \\$aBLSS-CORR$b00$c20120209$lBLL01$h1541
=CAT  \\$a1805-0738$c20181026$lBLL01$h1829
=CAT  \\$a1805-0738$b00$c20181026$lBLL01$h1907
=CAT  \\$aW1910-0531$b00$c20191101$lBLL01$h1812
=CAT  \\$aW1910-0531$b00$c20200327$lBLL01$h1822
=CAT  \\$aW2001-2376$c20200529$lBLL01$h1853
=FIN  \\$aY
=LEO  \\$aMP1.0002600688
=SRC  \\$aBLS01$bbibmp1.200404.2.ac
=LAS  \\$aW2001-2376$b00$c20200529$lBLL01$h1853

