=LDR  01784 am a2200481   4500
=001  002500877
=003  Uk
=005  20171024144637.0
=008  840306s1783\\\\enkf\\\\\\\\\\000|0|eng\c
=FMT  \\$a  BK
=019  x\$a2222000181
=035  \\$a(Uk-ES)006414222
=040  \\$aUk-ES$cUk-ES$dCStRLIN$dCU-RivES$edcrmb
=100  10$aMilner, Thomas,$d1719-1797.
=245  10$aExperiments and observations in electricity.$cBy Thomas Milner, M.D.
=264  \1$aLondon :$bprinted for T. Cadell, in the Strand,$cMDCCLXXXIII [1783]
=300  \\$axvi, 111, [1] pages, [2] folded leaves of plates ;$c22 cm (8º)
=336  \\$atext$2rdacontent
=337  \\$aunmediated$2rdamedia
=338  \\$avolume$2rdacarrier
=340  \\$m8vo$2rdabf
=500  \\$aWith a half-title and an errata slip.
=500  \\$aSignatures: A-H⁸.
=510  4\$aESTC,$cT148098
=650  \0$aElectricity$vEarly works to 1850.
=752  \\$aGreat Britain$bEngland$dLondon.
=852  41$aBritish Library$bHMNTS$j117.c.45.
=852  41$aBritish Library$bHMNTS$qCopy at xxxx. Imperfect: wanting the half-title.
=985  \\$aCorrected by BSS-generated file for WR# 10/107
=985  \\$aCorrected by MS generated file for WR# 1805-0738
=CAT  \\$aCONV$b00$c20040502$lBLL01$h0944
=CAT  \\$a12179$b40$c20091006$lBLL01$h1417
=CAT  \\$aBATCH$b00$c20091129$lBLL01$h0449
=CAT  \\$aBATCH$b00$c20091213$lBLL01$h2312
=CAT  \\$aBLSS-CORR$b00$c20100917$lBLL01$h1652
=CAT  \\$a2225$b40$c20171024$lBLL01$h1446
=CAT  \\$aW1807-1331$c20180722$lBLL01$h1212
=CAT  \\$a1805-0738$c20181102$lBLL01$h1753
=CAT  \\$a1805-0738$b00$c20181102$lBLL01$h1838
=FIN  \\$aY
=LEO  \\$aMP1.0002652444
=SRC  \\$aBLS01$bbibmp1.200404.2.ac
=LAS  \\$a1805-0738$b00$c20181102$lBLL01$h1838

