=LDR  03645cas a2200853 a 4500
=001  002853362
=003  Uk
=005  20221231160521.0
=007  ta
=008  891211d17081708enkcr\p\\\\\\\0\\\a0eng\\
=FMT  \\$a  SE
=019  x\$a2533680346
=019  c\$a2394356
=040  \\$aUk$cUk
=245  04$aThe Scots Observator : being some remarks upon the affairs of the North of Britain.
=264  \1$a[London] :$bPrinted, and sold by the Booksellers of London and Westminster,$c[1708].
=300  \\$av ;$c(4º)
=336  \\$atext$2rdacontent
=337  \\$aunmediated$2rdamedia
=338  \\$avolume$2rdacarrier
=340  \\$m4to$2rdabf
=540  \\$aCurrent Copyright Fee: GBP25.00$c0$5Uk
=852  41$aBritish Library$bHMNTS$j1601/399.$3No. 2 (17 March 1708)-no. 12 (20 April, 1708)
=852  41$aBritish Library$bHMNTS$zNo.1 (1708:Mar.12)
=945  \\$aSCOTS OBSERVATOR.
=979  \\$aBritish Library$bDSC$j8205.977950N
=985  \\$aRecord merged by DQ team
=985  \\$aCorrected by MS generated file for WR# 1805-0738
=CAT  \\$aCONV$b00$c20040502$lBLL01$h0951
=CAT  \\$a8874$b40$c20101015$lBLL01$h1022
=CAT  \\$a8874$b40$c20101015$lBLL01$h1024
=CAT  \\$aBATCH-UPD$b40$c20101124$lBLL01$h1701
=CAT  \\$aBATCH-UPD$b40$c20101125$lBLL01$h0923
=CAT  \\$aIPL-CLA$c20101231$lBLL01$h1115
=CAT  \\$aWR11_203$c20111204$lBLL01$h1222
=CAT  \\$aIPL-CLA$c20111230$lBLL01$h1621
=CAT  \\$aBATCH-CLA$b00$c20121102$lBLL01$h1757
=CAT  \\$aWR13.005$c20130323$lBLL01$h1512
=CAT  \\$aBATCH-CLA$c20131211$lBLL01$h1803
=CAT  \\$aIPL-CLA$c20131231$lBLL01$h1555
=CAT  \\$aBATCH-CLA$b00$c20161222$lBLL01$h1556
=CAT  \\$aIPL-CLA$c20161230$lBLL01$h1503
=CAT  \\$aBATCH-CLA$b00$c20171222$lBLL01$h1843
=CAT  \\$aIPL-CLA$c20171231$lBLL01$h1054
=CAT  \\$a1805-0738$c20181109$lBLL01$h1757
=CAT  \\$a1805-0738$b00$c20181109$lBLL01$h1838
=CAT  \\$aBATCH-CLA$b00$c20191219$lBLL01$h1515
=CAT  \\$aIPL-CLA$c20191231$lBLL01$h1517
=CAT  \\$aR2001-1524$c20200127$lBLL01$h1904
=CAT  \\$aBATCH-CLA$b00$c20201204$lBLL01$h1302
=CAT  \\$aIPL-CLA$c20201231$lBLL01$h1642
=CAT  \\$a8874$b40$c20221124$lBLL01$h0726
=CAT  \\$aBATCH-CLA$b00$c20221221$lBLL01$h1557
=CAT  \\$aIPL-CLA$c20221231$lBLL01$h1605
=CFI  0\$aCurrent Copyright Fee: GBP25.00$c0$e01-jan-2023$fGBP25.00$g0$hA$5Uk
=CFI  2\$aPrevious Copyright Fee: GBP22.50$c0$e01-jan-2021$fGBP22.50$g0$hA$5Uk
=FIN  \\$aY
=LEO  \\$aMP1.0003038102
=LEO  \\$aMP10.0000526304
=SRC  \\$aDSS01$bbibmp10.200404.2.aa
=SRC  \\$aBLS01$bbibmp1.200404.2.ad
=TCO  \\$aCLA$bCLA$c008
=ACF  \\$aPrevious copyright fee: GBP9.00$c0$e01-apr-2010$fGBP9.00$g0$hA$5Uk
=ACF  \\$aPrevious copyright fee: GBP6.00$c0$e01-apr-2008$fGBP6.00$g0$hA$5Uk
=ACF  \\$aPrevious copyright fee: GBP5.00$c0$e01-jul-2002$fGBP5.00$g0$hA$5Uk
=ACF  \\$aCurrent copyright fee: GBP4.40$c0$e01-jul-1998$fGBP4.40$g0$hA$5Uk
=ACF  \\$aCurrent copyright fee: GBP4.20$c0$e01-apr-1997$fGBP4.20$g0$hA$5Uk
=ACF  \\$aPrevious copyright fee: GBP10.50$c0$e01-jan-2011$fGBP10.50$g0$hA$5Uk
=ACF  \\$aPrevious copyright fee: GBP12.00$c0$e01-jan-2012$fGBP12.00$g0$hA$5Uk
=ACF  \\$aPrevious Copyright Fee: GBP12.30$c0$e01-jan-2014$fGBP12.30$g0$hA$5Uk
=ACF  \\$aPrevious Copyright Fee: GBP15.00$c0$e01-jan-2017$fGBP15.00$g0$hA$5Uk
=ACF  \\$aPrevious Copyright Fee: GBP17.50$c0$e01-jan-2018$fGBP17.50$g0$hA$5Uk
=ACF  \\$aPrevious Copyright Fee: GBP20.00$c0$e01-jan-2020$fGBP20.00$g0$hA$5Uk
=LAS  \\$aIPL-CLA$b00$c20221231$lBLL01$h1605

