=LDR  02629 as a2200709ui 4500
=001  002856858
=003  Uk
=005  20160922135432.0
=007  ta
=008  940518d18751875enkar\\\\\\\\\0\\\a0eng\\
=FMT  \\$a  SE
=019  x\$a2534680021
=022  0\$a2399-0953$202
=040  \\$aUk$cUk$dUk
=042  \\$aissnuk
=082  04$a331.40941$223
=222  \4$aThe year-book of women's work
=245  04$aThe year-book of women's work.
=246  3\$aYearbook of women's work
=246  14$aYear-book of women's work, and guide to remunerative employment
=260  \\$aLondon :$b"Labour News" Publishing Office,$c1875.
=300  \\$a1 volume ;$c19 cm
=310  \\$aAnnual
=336  \\$atext$2rdacontent
=337  \\$aunmediated$2rdamedia
=338  \\$avolume$2rdacarrier
=362  0\$a1875.
=500  \\$aEdited by L.M. Hubbard.
=588  \\$aDescription based on: third edition, with extra chapter, 1875.
=650  \0$aWomen employees$zGreat Britain$vPeriodicals.
=690  7\$aManagement and Business Studies$2blcoll
=690  7\$aSocial Welfare$2blcoll
=700  0\$aL. M. H.$q(Louisa Maria Hubbard),$d1836-1906.
=785  00$tEnglishwoman's year-book for$x2399-0961
=852  41$aBritish Library$bHMNTS$jP.P.2493.ma.$31875
=852  41$aBritish Library$bHMNTS$j8416.bb.18.$3Third edition [of the vol. for 1875]. With extra chapters
=852  49$aBritish Library$bDSC$cF$3See shelfmark F 3775.178000 for: The year-book of women's work (1875), and: Englishwoman's year book and directory, Vol. 1 (1882)-v. 35 (1916)
=CAT  \\$aCONV$b00$c20040502$lBLL01$h0951
=CAT  \\$c20041023$lBLL01$h1115
=CAT  \\$c20041023$lBLL01$h1159
=CAT  \\$c20041023$lBLL01$h1439
=CAT  \\$aglobal_upd$b40$c20060416$lBLL01$h1130
=CAT  \\$a6550$b40$c20080208$lBLL01$h1643
=CAT  \\$a6550$b40$c20080208$lBLL01$h1722
=CAT  \\$a6550$b40$c20080208$lBLL01$h1734
=CAT  \\$a6550$b40$c20080208$lBLL01$h1738
=CAT  \\$a6550$b40$c20080208$lBLL01$h1746
=CAT  \\$a6550$b40$c20080208$lBLL01$h1747
=CAT  \\$aBATCH$b00$c20091130$lBLL01$h0153
=CAT  \\$a7416$b40$c20160601$lBLL01$h1526
=CAT  \\$aBATCH-UPD$b40$c20160601$lBLL01$h1526
=CAT  \\$a6550$b40$c20160606$lBLL01$h0853
=CAT  \\$a6550$b40$c20160606$lBLL01$h0859
=CAT  \\$aBATCH-MBS$c20160610$lBLL01$h2132
=CAT  \\$aBATCH-SWP$c20160610$lBLL01$h2226
=CAT  \\$a11205$b40$c20160922$lBLL01$h1354
=FIN  \\$aY
=LEO  \\$aMP1.0003041286
=LEO  \\$aMP1.0003041286.2
=SRC  \\$aBLS01$bbibmp1.200404.2.ad
=TCO  \\$aCLA$bCLA$c008
=LAS  \\$a11205$b40$c20160922$lBLL01$h1354

