=LDR  02311cam a2200577 i 4500
=001  002925071
=003  Uk
=005  20230104123744.0
=008  990528s1965\\\\ii\\\\\\\\\\\\000\0\eng\\
=FMT  \\$a  BK
=019  x\$a2594140201
=040  \\$aUk$beng$cUk$dUk$erda
=041  1\$aeng$apra$hger
=042  \\$aukblsr
=100  1\$aPischel, Richard,$d1849-1908,$eauthor.
=240  10$aGrammaticis Prâcriticis
=245  10$aComparative grammar of the Prākrit languages /$ctranslated from the German by Subhadra Jhā.
=250  \\$aSecond edition.
=264  \1$aDelhi :$bMotilal Banarsidass,$c1965.
=300  \\$a437, 204 pages ;$c25 cm
=336  \\$atext$2rdacontent
=337  \\$aunmediated$2rdamedia
=338  \\$avolume$2rdacarrier
=500  \\$aHeld in OIOC.
=546  \\$aTranslated from German to English, with some Prakrit.
=650  \0$aPrakrit languages$xGrammar.
=787  0\$tComparative Grammar of the Prākrit Languages ... Translated from the German by Subhadra Jhā.$w(Uk)MP1.0003113016$dpp. 437. Motilal Banarsidass: Varanasi, [1957.] 8º
=883  0\$aLanguage codes assigned by Bayesian analysis of words present in record$d20201028$qUk$c0.9010
=852  41$aBritish Library$bOC$jV 23923
=852  41$aBritish Library$bOC$j15010.p.3/3$3Superseded by OIH491.3
=852  \\$aBritish Library$bOC$j15009.d.26
=852  41$aBritish Library$bOC$cSPHOA$kOIH$k491.3$3[Another copy.]***Held in OIOC.
=985  \\$aCorrected by MS generated file for WR# 11/211
=985  \\$aDisaggregated record: Type B
=CAT  \\$aCONV$b00$c20040502$lBLL01$h0952
=CAT  \\$c20090612$lBLL01$h1642
=CAT  \\$aBATCH$b00$c20091130$lBLL01$h0216
=CAT  \\$a2407$b40$c20120530$lBLL01$h1109
=CAT  \\$aWR11_211$c20130214$lBLL01$h1750
=CAT  \\$aBLSS-CORR$b00$c20130214$lBLL01$h1809
=CAT  \\$aBATCH-UPD$b00$c20151101$lBLL01$h2111
=CAT  \\$aW2201-1476$b00$c20220218$lBLL01$h1751
=CAT  \\$a14188$b40$c20221021$lBLL01$h1257
=CAT  \\$a14188$b40$c20221021$lBLL01$h1300
=CAT  \\$a14188$b40$c20221021$lBLL01$h1301
=CAT  \\$a14188$b40$c20221021$lBLL01$h1302
=CAT  \\$a12887$b40$c20230104$lBLL01$h1237
=FIN  \\$aY$d20230104
=LEO  \\$aMP1.0003113016.2
=SRC  \\$aBLS01$bbibmp1.200404.2.ad
=LAS  \\$a12887$b40$c20230104$lBLL01$h1237

