=LDR  05208 am a2200685   4500
=001  002948107
=003  Uk
=005  20170927122800.0
=008  790419s1712\\\\enk\\\\\\\\\\\001\0|eng\c
=FMT  \\$a  BK
=019  x\$a2620080045
=035  \\$a(Uk-ES)006228239
=040  \\$aUk-ES$cUk-ES$dCU-RivES$dCStRLIN$dCU-RivES
=100  1\$aArbuthnot, John,$d1667-1735.
=245  10$aJohn Bull still in his senses: being the third part of law is a bottomless-pit.$bPrinted from a manuscript found in the cabinet of the famous Sir Humphry Polesworth: and publish'd, (as well as the two former parts) by the author of the New Atalantis.
=246  3\$aLaw is a bottomless-pit.$fPart 3
=264  \1$aLondon :$bPrinted for John Morphew, near Stationer's Hall,$c1712.
=300  \\$a47, [1] pages ;$c18 cm (8º)
=336  \\$atext$2rdacontent
=337  \\$aunmediated$2rdamedia
=338  \\$avolume$2rdacarrier
=340  \\$m8vo$2rdabf
=500  \\$aAnonymous. By John Arbuthnot.
=500  \\$aCatchword on p.25: will.
=500  \\$aA variant has sig. D of a different setting with catchword on p.25: how.
=500  \\$aPrice on title page: Price 6d.
=500  \\$aSignatures: [A]-F⁴
=510  4\$aESTC,$cT29119
=651  \0$aGreat Britain$xPolitics and government$y1702-1714.
=700  1\$aSelbourne, Hugh,$eformer owner,$5UK
=775  0\$t[John Bull still in his Senses, being the third part of Law is a Bottomless-Pit. Printed from a manuscript found in the cabinet of ... Sir Humphry Polesworth: and publish'd ... by the author of the New Atalantis. [By John Arbuthnot.]]$w(Uk)MP1.0003137338.2$dpp. 48. James Watson: Edinburgh, 1712. 8º.
=775  0\$t[John Bull still in his Senses, being the third part of Law is a Bottomless-Pit. Printed from a manuscript found in the cabinet of ... Sir Humphry Polesworth: and publish'd ... by the author of the New Atalantis. [By John Arbuthnot.]]$w(Uk)MP1.0003137338.3$dpp. 47. John Morphew: London, 1712. 8º.
=775  0\$t[John Bull still in his Senses, being the third part of Law is a Bottomless-Pit. Printed from a manuscript found in the cabinet of ... Sir Humphry Polesworth: and publish'd ... by the author of the New Atalantis. [By John Arbuthnot.]]$w(Uk)MP1.0003137338.4$dpp. 47. J. Morphew: London, 1712. 8º.
=752  \\$aGreat Britain$bEngland$dLondon.
=886  2\$2blmarc$a709$b00$aARBUTHNOT$hJohn$fM.D.$pG.2233.(3.)$x0102230145$pT.1107.(22.)$x0102230137$pT.2074.(4.)$x0102230137$p104.a.79.$x0102230145$p1485.b.2.$x0102230129$p8132.aa.40.(3.)$x0102230145
=852  41$aBritish Library$bHMNTS$jT.2074.(4.)
=852  41$aBritish Library$bHMNTS$jT.1107.(22.)$3[Another copy.]
=852  41$aBritish Library$bHMNTS$qCopy at xxxx. P>Imperfect: cropped at head, with loss of some page numbers.
=985  \\$aCorrected by BSS-generated file for WR# 11/048
=985  \\$aDisaggregated record: Type B
=985  \\$aCorrected by MS generated file for WR# 1805-0738
=CAT  \\$aCONV$b00$c20040502$lBLL01$h0953
=CAT  \\$aglobal_upd$b40$c20060416$lBLL01$h1154
=CAT  \\$aBATCH$b00$c20091130$lBLL01$h0225
=CAT  \\$aBLSS-CORR$b00$c20110421$lBLL01$h1652
=CAT  \\$aBATCH-UPD$b00$c20111006$lBLL01$h1444
=CAT  \\$a5100$b40$c20111007$lBLL01$h0733
=CAT  \\$a5100$b40$c20120904$lBLL01$h1143
=CAT  \\$a2225$b40$c20170927$lBLL01$h1226
=CAT  \\$a2225$b40$c20170927$lBLL01$h1228
=CAT  \\$aW1807-1331$c20180722$lBLL01$h1216
=CAT  \\$a1805-0738$c20181109$lBLL01$h1810
=CAT  \\$a1805-0738$b00$c20181109$lBLL01$h1845
=FIN  \\$aY
=LEO  \\$aMP1.0003137338
=LKR  \\$aPAR$b002948108$lBLL01$r775$mJohn Bull still in his Senses, being the third part of Law is a Bottomless-Pit. Printed from a manuscript found in the cabinet of ... Sir Humphry Polesworth: and publish'd ... by the author of the New Atalantis. [By John Arbuthnot.]$n[John Bull still in his Senses, being the third part of Law is a Bottomless-Pit. Printed from a manuscript found in the cabinet of ... Sir Humphry Polesworth: and publish'd ... by the author of the New Atalantis. [By John Arbuthnot.]]
=LKR  \\$aPAR$b002948109$lBLL01$r775$mJohn Bull still in his Senses, being the third part of Law is a Bottomless-Pit. Printed from a manuscript found in the cabinet of ... Sir Humphry Polesworth: and publish'd ... by the author of the New Atalantis. [By John Arbuthnot.]$n[John Bull still in his Senses, being the third part of Law is a Bottomless-Pit. Printed from a manuscript found in the cabinet of ... Sir Humphry Polesworth: and publish'd ... by the author of the New Atalantis. [By John Arbuthnot.]]
=LKR  \\$aPAR$b002948110$lBLL01$r775$mJohn Bull still in his Senses, being the third part of Law is a Bottomless-Pit. Printed from a manuscript found in the cabinet of ... Sir Humphry Polesworth: and publish'd ... by the author of the New Atalantis. [By John Arbuthnot.]$n[John Bull still in his Senses, being the third part of Law is a Bottomless-Pit. Printed from a manuscript found in the cabinet of ... Sir Humphry Polesworth: and publish'd ... by the author of the New Atalantis. [By John Arbuthnot.]]
=SRC  \\$aBLS01$bbibmp1.200404.2.ad
=LAS  \\$a1805-0738$b00$c20181109$lBLL01$h1845

