=LDR  01638 am a22004453  4500
=001  002957054
=003  Uk
=005  20181109184600.0
=008  040209|1740||||enk\\\\||\\\\\|||\||eng\\
=FMT  \\$a  BK
=019  x\$a2624200126
=040  \\$aUk$cUk
=100  1\$aPope, Alexander,$d1688-1744.
=240  10$aWorks. English
=245  14$aThe Works of Alexander Pope, Esq.
=264  \1$aLondon :$bH. Lintot,$c1740-36-42.
=300  \\$a6 volumes ;$c(8º)
=336  \\$atext$2rdacontent
=337  \\$aunmediated$2rdamedia
=338  \\$avolume$2rdacarrier
=340  \\$m8vo$2rdabf
=500  \\$aVol. 1 & 2 are each in two pts. Vol. 4 is in three pts., the second of which is called on the titlepage "Part 2 of Vol. 3."-Vol. 1, pt. 1-2; vol. 2, pt. 2; and vol. 5 are duplicates.
=852  41$aBritish Library$bHMNTS$j1207.c.25.
=852  41$aBritish Library$bHMNTS$qRB.23.a.28619
=985  \\$aCorrected by MS generated file for WR# 11/211
=985  \\$aCorrected by MS generated file for WR# 1805-0738
=CAT  \\$aCONV$b00$c20040502$lBLL01$h0953
=CAT  \\$a5194$b40$c20070927$lBLL01$h1128
=CAT  \\$aBATCH$b00$c20091130$lBLL01$h0228
=CAT  \\$aBATCH$b00$c20101223$lBLL01$h1839
=CAT  \\$aWR11_211$c20140131$lBLL01$h1707
=CAT  \\$aBLSS-CORR$b00$c20140131$lBLL01$h1717
=CAT  \\$aBATCH-UPD$b00$c20150418$lBLL01$h1812
=CAT  \\$aW1807-1331$c20180722$lBLL01$h1216
=CAT  \\$a1805-0738$c20181109$lBLL01$h1811
=CAT  \\$a1805-0738$b00$c20181109$lBLL01$h1846
=FIN  \\$aY
=LEO  \\$aMP1.0003147757
=SRC  \\$aBLS01$bbibmp1.200404.2.ad
=LAS  \\$a1805-0738$b00$c20181109$lBLL01$h1846

