=LDR  01443 am a22003973  4500
=001  003125052
=003  Uk
=005  20200605192632.0
=008  900131|1950||||enk\\\\||\\\\\|||\||eng\\
=FMT  \\$a  BK
=019  x\$a278177023X
=040  \\$aUk$cUk
=100  1\$aROBINSON, Michael Strang.
=245  12$aA Pageant of the Sea. The MacPherson Collection of maritime prints and drawings in the National Maritime Museum, Greenwich. [With reproductions.]
=264  \1$aLondon ;$aNew York :$bHalton & Co,$c1950.
=300  \\$aviii, 264 pages ;$c(4º)
=336  \\$atext$2rdacontent
=337  \\$aunmediated$2rdamedia
=338  \\$avolume$2rdacarrier
=852  41$aBritish Library$bHMNTS$j7867.dd.20.
=852  11$aBritish Library$bDSC$hq387.5084
=985  \\$aUpgraded by BSS-generated file for WR1910-0531
=CAT  \\$aCONV$b00$c20040502$lBLL01$h0959
=CAT  \\$aBLSS-CORR$b00$c20080705$lBLL01$h1033
=CAT  \\$aBATCH$b00$c20091130$lBLL01$h0330
=CAT  \\$aWR11_211$c20121206$lBLL01$h1623
=CAT  \\$aBLSS-CORR$b00$c20121206$lBLL01$h1641
=CAT  \\$a1805-0738$c20181117$lBLL01$h0851
=CAT  \\$a1805-0738$b00$c20181117$lBLL01$h0940
=CAT  \\$aW1910-0531$b00$c20191101$lBLL01$h1830
=CAT  \\$aW1910-0531$b00$c20200410$lBLL01$h1801
=CAT  \\$aW2001-2376$c20200605$lBLL01$h1926
=FIN  \\$aY
=LEO  \\$aMP1.0003332486
=SRC  \\$aBLS01$bbibmp1.200404.2.ad
=LAS  \\$aW2001-2376$b00$c20200605$lBLL01$h1926

