=LDR  01272ccm a22003737  4500
=001  004743049
=003  Uk
=005  20210423175047.0
=008  930402s1930\\\\enk|||\||||||||||\\\eng\|
=FMT  \\$a  MU
=019  d\$ahc01100061
=040  \\$aUk$cUk
=082  14$a780$215
=100  1\$aWhite, Felix Harold,$d1884-1945.
=245  10$aHeavenly Jerusalem. Motet, poem by W. Drummond of Hawthornden, etc.
=260  \\$aLondon :$bNovello & Co,$c1930.
=300  \\$c8.̊
=336  \\$anotated music$2rdacontent
=337  \\$aunmediated$2rdamedia
=338  \\$avolume$2rdacarrier
=490  0\$aNovello's Octavo Anthems ;$vNo. 1166
=883  0\$aLanguage codes assigned by Bayesian analysis of words present in record$d20210115$qUk$c0.9450
=852  41$aBritish Library$bDSC$cMUSIC$mDON0974
=852  41$aBritish Library$bMUSIC$jE.618.a./1166$oE
=CAT  \\$aCONV$b00$c20040502$lBLL01$h1036
=CAT  \\$aBATCH$b00$c20091205$lBLL01$h2055
=CAT  \\$aBATCH$b00$c20091224$lBLL01$h2204
=CAT  \\$aWR15_100$c20150905$lBLL01$h0147
=CAT  \\$a11814$b40$c20190829$lBLL01$h1536
=CAT  \\$aW2102-0046$b00$c20210423$lBLL01$h1750
=FIN  \\$aY
=LEO  \\$aMP15.0000582098
=SRC  \\$aCPM01$bbibmp15.200404.2.aa
=LAS  \\$aW2102-0046$b00$c20210423$lBLL01$h1750

