=LDR  02542 am a22005893  4500
=001  000892344
=003  Uk
=005  20210317165427.0
=008  040408s1721\\\\ne\\\\\||\\\\\|||\f|fre\\
=FMT  \\$a  BK
=019  x\$a0791360059
=040  \\$aUk$cUk
=041  \\$afre$heng
=100  1\$aDefoe, Daniel,$d1661?-1731.
=240  10$aRobinson Crusoe.$lFrench.
=245  13$aLa Vie et les avantures surprenantes de Robinson Crusoe ...$cTraduit de l'anglais.
=250  \\$aSeconde édition.
=264  \1$aAmsterdam :$bChez Honoré & Chatelain,$cM. DCC. XXI [1721]
=300  \\$a4 volumes :$billustrations, maps ;$c8º
=336  \\$atext$2rdacontent
=337  \\$aunmediated$2rdamedia
=338  \\$avolume$2rdacarrier
=340  \\$m8vo$2rdabf
=500  \\$aTranslated by Thémiseul de Saint-Hyacinthe and J. van Effen.
=655  \7$aFiction$2fast$0(OCoLC)fst01423787
=700  1\$aSaint-Hyacinthe, Thémiseul de,$d1684-1746.
=700  1\$aEffen, Justus van,$d1684-1735.
=883  0\$a008 position 33 derived from: A topical index to pressmarks in use in the British Museum Library ... / Robin Alston. (London : R.C. Alston, 1987)$d20201214$qUk
=883  0\$aFAST headings derived from: A topical index to pressmarks in use in the British Museum Library ... / Robin Alston. (London : R.C. Alston, 1987)$d20201111$qUk
=883  0\$aLanguage codes assigned by Bayesian analysis of words present in record
=852  41$aBritish Library$bHMNTS$j12611.ee.2.$qCopy at 12611.ee.2. Vols. 1 and 2 only.
=852  41$aBritish Library$bHMNTS$qCopy at . vol. 3 and 4 only.
=985  \\$aCorrected by MS generated file for WR# 1805-0738
=985  \\$aDisaggregated record: Type B
=985  \\$aUpgraded by BSS-generated file for WR2012-0338
=CAT  \\$aCONV$b00$c20040502$lBLL01$h0907
=CAT  \\$aglobal_upd$b40$c20060416$lBLL01$h1140
=CAT  \\$aUE-01$b00$c20060417$lBLL01$h2120
=CAT  \\$aBATCH$b00$c20091127$lBLL01$h0105
=CAT  \\$a13025$b40$c20111222$lBLL01$h1446
=CAT  \\$a8874$b40$c20120327$lBLL01$h1412
=CAT  \\$a1805-0738$c20180921$lBLL01$h1833
=CAT  \\$a1805-0738$b00$c20180921$lBLL01$h1911
=CAT  \\$aBATCH-UPD$b00$c20180922$lBLL01$h0716
=CAT  \\$aW2012-0338$b00$c20201209$lBLL01$h1914
=CAT  \\$aW2012-0338$c20210127$lBLL01$h1225
=CAT  \\$aW2101-0547$b00$c20210315$lBLL01$h1905
=CAT  \\$aW2101-0547$c20210317$lBLL01$h1654
=FIN  \\$aY
=LEO  \\$aMP1.0000938856.1
=SRC  \\$aBLS01$bbibmp1.200404.2.ab
=LAS  \\$aW2101-0547$b00$c20210317$lBLL01$h1654

