=LDR  01653 am a22004453  4500
=001  001073410
=003  Uk
=005  20200508185841.0
=008  010110|1931||||enk\\\\||\\\\||||\||eng\\
=FMT  \\$a  BK
=019  x\$a0950290211
=040  \\$aUk$cUk
=110  1\$aEngland.
=240  10$aLaws and Statutes. IV. Collections and Abridgments on Particular Subjects. Income Tax
=245  14$aThe Income Tax Act, 1918, and Finance Acts, years 1919 to 1931 inclusive, so far as they relate to income tax, super-tax and sur-tax, etc.
=264  \1$aLondon,$c1931.
=300  \\$a634 pages ;$c(8º)
=336  \\$atext$2rdacontent
=337  \\$aunmediated$2rdamedia
=338  \\$avolume$2rdacarrier
=500  \\$aPrevious edition 1925 (-4, 6-9.)
=787  0\$tSupplement no. 1.$w(Uk)MP1.0001132164.1$dLondon, 1932-41. 8º.
=852  41$aBritish Library$bHMNTS$jB.S.22/16.(2.)
=852  11$aBritish Library$bDSC$hq336.24
=852  41$aBritish Library$bDSC$jOP-GPA/11347
=985  \\$aUpgraded by BSS-generated file for WR1910-0531
=CAT  \\$aCONV$b00$c20040502$lBLL01$h0913
=CAT  \\$c20041104$lBLL01$h1737
=CAT  \\$aBATCH$b00$c20091128$lBLL01$h1831
=CAT  \\$aBATCH$b00$c20101223$lBLL01$h1649
=CAT  \\$aBLSS-CORR$b00$c20110311$lBLL01$h1718
=CAT  \\$a1805-0738$c20180928$lBLL01$h1813
=CAT  \\$a1805-0738$b00$c20180928$lBLL01$h1853
=CAT  \\$aBATCH-UPD$b00$c20180929$lBLL01$h0108
=CAT  \\$aW1910-0531$b00$c20191025$lBLL01$h1824
=CAT  \\$aW2001-2376$c20200508$lBLL01$h1858
=FIN  \\$aY
=LEO  \\$aMP1.0001132164
=SRC  \\$aBLS01$bbibmp1.200404.2.ab
=LAS  \\$aW2001-2376$b00$c20200508$lBLL01$h1858

