=LDR  01447 am a22003973  4500
=001  001073813
=003  Uk
=005  20200313182240.0
=008  880603|1845|||||||\\\\||\\\\||||\||eng\\
=FMT  \\$a  BK
=019  x\$a0950460001
=040  \\$aUk$cUk
=110  1\$aEngland.
=240  10$aLaws and Statutes. IV. Collections and Abridgments on Particular Subjects. Railways and Canals
=245  12$aA Collection of the Public General Acts for the regulation of Railways: including the Companies, Lands, and Railways Clauses Consolidation Acts. 1838-1845.
=264  \1$aWestminster :$bJ. Bigg and Son,$c[1845]
=300  \\$a207 pages ;$c(12º)
=336  \\$atext$2rdacontent
=337  \\$aunmediated$2rdamedia
=338  \\$avolume$2rdacarrier
=340  \\$m12mo$2rdabf
=852  41$aBritish Library$bHMNTS$j1380.b.22.
=852  11$aBritish Library$bDSC$h385
=985  \\$aUpgraded by BSS-generated file for WR1910-0531
=CAT  \\$aCONV$b00$c20040502$lBLL01$h0913
=CAT  \\$c20041104$lBLL01$h1738
=CAT  \\$aBLSS-CORR$b00$c20080627$lBLL01$h1550
=CAT  \\$aBATCH$b00$c20091128$lBLL01$h1831
=CAT  \\$aBLSS-CORR$b00$c20120120$lBLL01$h1534
=CAT  \\$a1805-0738$c20180928$lBLL01$h1813
=CAT  \\$a1805-0738$b00$c20180928$lBLL01$h1853
=CAT  \\$aW1910-0531$b00$c20200313$lBLL01$h1822
=FIN  \\$aY
=LEO  \\$aMP1.0001132486
=SRC  \\$aBLS01$bbibmp1.200404.2.ab
=LAS  \\$aW1910-0531$b00$c20200313$lBLL01$h1822

