=LDR  01548 am a22004213  4500
=001  001074341
=003  Uk
=005  20200508185852.0
=008  880603|1869||||enk\\\\||\\\\||||\||eng\\
=FMT  \\$a  BK
=019  x\$a0950680125
=040  \\$aUk$cUk
=110  1\$aEngland.
=240  10$aLaws and Statutes. VIII. Chronological Series. Henry VII. [1485-1509.]
=245  14$aThe Statutes of Henry VII. In exact facsimile, from the very rare original, printed by Caxton in 1489. Edited, with notes and introduction, by J. Rae. B.L.
=264  \1$aLondon :$bJ. C. Hotten,$c1869.
=300  \\$c(4º)
=336  \\$atext$2rdacontent
=337  \\$aunmediated$2rdamedia
=338  \\$avolume$2rdacarrier
=700  1\$aRAE, John,$cLL.D., F.S.A.
=886  2\$2blmarc$a709$b00$aRAE$hJohn$fLL.D., F.S.A.$p6145.m.11.$x2692560027
=852  41$aBritish Library$bHMNTS$jJ/6145.m.11.
=852  11$aBritish Library$bDSC$hq942.05
=985  \\$aUpgraded by BSS-generated file for WR1910-0531
=CAT  \\$aCONV$b00$c20040502$lBLL01$h0913
=CAT  \\$c20041104$lBLL01$h1738
=CAT  \\$aBATCH$b00$c20091128$lBLL01$h1831
=CAT  \\$aBATCH$b00$c20101223$lBLL01$h1649
=CAT  \\$aBLSS-CORR$b00$c20120210$lBLL01$h1532
=CAT  \\$a1805-0738$c20180928$lBLL01$h1813
=CAT  \\$a1805-0738$b00$c20180928$lBLL01$h1853
=CAT  \\$aW1910-0531$b00$c20191025$lBLL01$h1824
=CAT  \\$aW2001-2376$c20200508$lBLL01$h1858
=FIN  \\$aY
=LEO  \\$aMP1.0001132939
=SRC  \\$aBLS01$bbibmp1.200404.2.ab
=LAS  \\$aW2001-2376$b00$c20200508$lBLL01$h1858

