=LDR  01615cam a22004453  4500
=001  001076798
=003  Uk
=005  20220128183519.0
=008  950321|1935||||enk\\\\||\\\\||||\||eng\\
=FMT  \\$a  BK
=019  x\$a0951680161
=040  \\$aUk$cUk
=110  1\$aEngland.
=240  10$aLaws and Statutes. VIII. Chronological Series. George V. [1910-1936.]
=245  10$a[25 & 26 Geo. V. c. 42.] Government of India Act, 1935, etc.
=264  \1$aLondon,$c1935.
=300  \\$axxiii, 430 pages ;$c(8º)
=336  \\$atext$2rdacontent
=337  \\$aunmediated$2rdamedia
=338  \\$avolume$2rdacarrier
=650  \0$aConstitutional law$zIndia.
=883  0\$aLanguage codes assigned by Bayesian analysis of words present in record$d20201028$qUk$c0.9010
=852  41$aBritish Library$bHMNTS$jB.S.24.E/148.
=852  41$aBritish Library$bOC$jV 9289$3[Another copy.]***Held in OIOC.
=852  11$aBritish Library$bDSC$h354.54
=985  \\$aUpgraded by BSS-generated file for WR1910-0531
=CAT  \\$aCONV$b00$c20040502$lBLL01$h0913
=CAT  \\$c20041104$lBLL01$h1739
=CAT  \\$a1722$b40$c20050809$lBLL01$h1204
=CAT  \\$aBATCH$b00$c20091128$lBLL01$h1832
=CAT  \\$aBLSS-CORR$b00$c20110421$lBLL01$h1621
=CAT  \\$a1805-0738$c20180928$lBLL01$h1813
=CAT  \\$a1805-0738$b00$c20180928$lBLL01$h1853
=CAT  \\$aW1910-0531$b00$c20191025$lBLL01$h1824
=CAT  \\$aW2001-2376$c20200508$lBLL01$h1858
=CAT  \\$aW2201-1476$b00$c20220128$lBLL01$h1835
=FIN  \\$aY
=LEO  \\$aMP1.0001135195
=SRC  \\$aBLS01$bbibmp1.200404.2.ab
=LAS  \\$aW2201-1476$b00$c20220128$lBLL01$h1835

