=LDR  01697 am a22004453  4500
=001  001085879
=003  Uk
=005  20190524175819.0
=008  880726|1728|||||||\\\\||\\\\o|||\||eng\\
=FMT  \\$a  BK
=019  x\$a0960870156
=040  \\$aUk$cUk
=110  1\$aGreat Britain.$bParliament.
=240  10$aBills. II. Chronological Series
=245  10$a[1728. March 13.] A Bill to settle a jointure on Susanna Countess of Shaftesbury ... in lieu and bar of her dower or thirds at the common law.
=264  \1$c[1728]
=300  \\$a7 pages ;$c(folio)
=336  \\$atext$2rdacontent
=337  \\$aunmediated$2rdamedia
=338  \\$avolume$2rdacarrier
=340  \\$mfolio$2rdabf
=500  \\$aEnacted 1 Geo. II. Private Acts, c. 4.
=883  0\$aLanguage codes assigned by Bayesian analysis of words present in record$d20181024$qUk$c0.997
=852  41$aBritish Library$bHMNTS$j(S.P.R.)356.m.4.(1.)
=852  41$aBritish Library$bHMNTS$qCopy at XXXX. Imperfect: docket title only.
=985  \\$aCorrected by BSS-generated file for WR# 11/211
=985  \\$aCorrected by MS generated file for WR# 1805-0738
=CAT  \\$aCONV$b00$c20040502$lBLL01$h0913
=CAT  \\$aBATCH-UPD$b00$c20080508$lBLL01$h2211
=CAT  \\$a12179$b40$c20090331$lBLL01$h1426
=CAT  \\$aBATCH$b00$c20091128$lBLL01$h1835
=CAT  \\$aWR11_211$c20120530$lBLL01$h1816
=CAT  \\$aBLSS-CORR$b00$c20120530$lBLL01$h1824
=CAT  \\$a1805-0738$c20180928$lBLL01$h1815
=CAT  \\$a1805-0738$b00$c20180928$lBLL01$h1854
=CAT  \\$aW1903-1550$b00$c20190524$lBLL01$h1758
=FIN  \\$aY
=LEO  \\$aMP1.0001143247
=SRC  \\$aBLS01$bbibmp1.200404.2.ab
=LAS  \\$aW1903-1550$b00$c20190524$lBLL01$h1758

