=LDR  01832 am a22004693  4500
=001  001088523
=003  Uk
=005  20200508185934.0
=008  031105|1902||||enk\\\\||\\\\o|||\||eng\\
=FMT  \\$a  BK
=019  x\$a0962110108
=040  \\$aUk$cUk
=110  1\$aGreat Britain.$bParliament.$bHouse of Lords.
=240  10$aLists of Members
=245  14$aThe Earliest Peerage Annual. An exact list of the Lords Spiritual and Temporal, being a facsimile reprint of The First Peerage Directory for 1734, etc. [With a preface by A. C. Fox-Davies.]
=264  \1$aLondon :$bElliot Stock,$c1902.
=300  \\$c(16º)
=336  \\$atext$2rdacontent
=337  \\$aunmediated$2rdamedia
=338  \\$avolume$2rdacarrier
=700  1\$aFox-Davies, Arthur Charles,$d1871-1928.
=886  2\$2blmarc$a709$b00$aDAVIES$hArthur Charles Fox$p9904.aa.22.$x0774380160
=852  41$aBritish Library$bHMNTS$j9904.aa.22.
=852  41$aBritish Library$bHMNTS$jRB.8.a.205.$3[Another copy.]
=852  11$aBritish Library$bDSC$h328.42
=985  \\$aCorrected by BSS-generated file for WR# 11/006
=985  \\$aEnhanced by MS generated file for WR# 12/139
=985  \\$aCorrected by MS generated file for WR# 1805-0738
=CAT  \\$aCONV$b00$c20040502$lBLL01$h0913
=CAT  \\$a12179$b40$c20090330$lBLL01$h1548
=CAT  \\$aBATCH$b00$c20091128$lBLL01$h1836
=CAT  \\$aBATCH$b00$c20101223$lBLL01$h1650
=CAT  \\$aBLSS-CORR$b00$c20110127$lBLL01$h1553
=CAT  \\$a8874$b40$c20110714$lBLL01$h0836
=CAT  \\$aWR12.139$b00$c20130520$lBLL01$h1807
=CAT  \\$a1805-0738$c20180928$lBLL01$h1815
=CAT  \\$a1805-0738$b00$c20180928$lBLL01$h1855
=CAT  \\$aW2001-2376$c20200508$lBLL01$h1859
=FIN  \\$aY
=LEO  \\$aMP1.0001145659
=SRC  \\$aBLS01$bbibmp1.200404.2.ab
=LAS  \\$aW2001-2376$b00$c20200508$lBLL01$h1859

