=LDR  01928 am a22004813  4500
=001  001099560
=003  Uk
=005  20200508190133.0
=008  880718|1943||||enk\\\\||\\\\o|||\||eng\\
=FMT  \\$a  BK
=019  x\$a0971250030
=040  \\$aUk$cUk
=110  1\$aGreat Britain.$bBoard of Education.
=245  10$aCurriculum and Examinations in Secondary Schools. Report of the committee of the Secondary School Examinations Council appointed by the President of the Board of Education in 1941.
=264  \1$aLondon,$c1943.
=300  \\$aix, 151 pages ;$c(8º)
=336  \\$atext$2rdacontent
=337  \\$aunmediated$2rdamedia
=338  \\$avolume$2rdacarrier
=710  2\$aSecondary School Examinations Council (Great Britain)
=886  2\$2blmarc$a709$b00$aENGLAND$dDepartments of State and Official Bodies$dSecondary School Examinations Council$pB.S.10/70.(27.)$x0990080307
=852  41$aBritish Library$bHMNTS$jB.S.10/70.(27.)
=852  41$aBritish Library$bDSC$jOP-GPA/11543
=852  41$aBritish Library$bDSC$jOP-GPA/12824
=852  41$aBritish Library$bDSC$jW40/3015
=852  11$aBritish Library$bDSC$h373(p)
=852  41$aBritish Library$bDSC$jOP-GPA/122
=985  \\$aUpgraded by BSS-generated file for WR1910-0531
=CAT  \\$aCONV$b00$c20040502$lBLL01$h0914
=CAT  \\$a5194$b40$c20070618$lBLL01$h1433
=CAT  \\$a12179$b40$c20090206$lBLL01$h1339
=CAT  \\$aBATCH$b00$c20091128$lBLL01$h1841
=CAT  \\$aBLSS-CORR$b00$c20110421$lBLL01$h1621
=CAT  \\$a1805-0738$c20180928$lBLL01$h1817
=CAT  \\$a1805-0738$b00$c20180928$lBLL01$h1856
=CAT  \\$aBATCH-UPD$b00$c20180929$lBLL01$h0226
=CAT  \\$aW1910-0531$b00$c20191025$lBLL01$h1825
=CAT  \\$aW1910-0531$b00$c20200313$lBLL01$h1824
=CAT  \\$aW2001-2376$c20200508$lBLL01$h1901
=FIN  \\$aY
=LEO  \\$aMP1.0001155618
=SRC  \\$aBLS01$bbibmp1.200404.2.ab
=LAS  \\$aW2001-2376$b00$c20200508$lBLL01$h1901

