=LDR  01536 am a22004333  4500
=001  001099700
=003  Uk
=005  20200508190135.0
=008  880718|1944||||enk\\\\||\\\\o|||\||eng\\
=FMT  \\$a  BK
=019  x\$a0971290180
=040  \\$aUk$cUk
=110  1\$aGreat Britain.$bCommittee on Public Schools.
=245  14$aThe Public Schools and the General Educational System. Report of the Committee on Public Schools, etc.
=264  \1$aLondon,$c1944.
=300  \\$aiv, 132 pages ;$c(8º)
=336  \\$atext$2rdacontent
=337  \\$aunmediated$2rdamedia
=338  \\$avolume$2rdacarrier
=852  41$aBritish Library$bHMNTS$jB.S.10/70.(30.)
=852  41$aBritish Library$bDSC$jOP-GPA/144
=852  11$aBritish Library$bDSC$h373.42
=985  \\$aUpgraded by BSS-generated file for WR1910-0531
=CAT  \\$aCONV$b00$c20040502$lBLL01$h0914
=CAT  \\$a5194$b40$c20070618$lBLL01$h1448
=CAT  \\$a5194$b40$c20070619$lBLL01$h1142
=CAT  \\$aBATCH-UPD$b40$c20070619$lBLL01$h1154
=CAT  \\$aBATCH$b00$c20091128$lBLL01$h1841
=CAT  \\$aBATCH$b00$c20101223$lBLL01$h1651
=CAT  \\$aBLSS-CORR$b00$c20110421$lBLL01$h1621
=CAT  \\$a1805-0738$c20180928$lBLL01$h1817
=CAT  \\$a1805-0738$b00$c20180928$lBLL01$h1856
=CAT  \\$aBATCH-UPD$b00$c20180929$lBLL01$h0226
=CAT  \\$aW1910-0531$b00$c20191025$lBLL01$h1825
=CAT  \\$aW2001-2376$c20200508$lBLL01$h1901
=FIN  \\$aY
=LEO  \\$aMP1.0001155759
=SRC  \\$aBLS01$bbibmp1.200404.2.ab
=LAS  \\$aW2001-2376$b00$c20200508$lBLL01$h1901

