=LDR  05749 am a22012613  4500
=001  001100117
=003  Uk
=005  20200508190141.0
=008  880718|1946||||enk\\\\||\\\\o|||\|||||\\
=FMT  \\$a  BK
=019  x\$a0971450064
=040  \\$aUk$cUk
=110  1\$aGreat Britain.$bBoard of Trade.
=245  10$aWorking Party Reports.
=264  \1$aLondon,$c1946-48.
=300  \\$a17 parts ;$c(8º)
=336  \\$atext$2rdacontent
=337  \\$aunmediated$2rdamedia
=338  \\$avolume$2rdacarrier
=580  \\$aPart title: Working Party Reports. Boots and Shoes. pp. viii. 190. 1946.
=580  \\$aPart title: Working Party Reports. Cotton. pp. vi. 278. 1946.
=580  \\$aPart title: Working Party Reports. Furniture. pp. 209. 1946.
=580  \\$aPart title: Working Party Reports. Hosiery. pp. 224. 1946.
=580  \\$aPart title: Working Party Reports. Jewellery and Silverware. pp. v. 105. 1946.
=580  \\$aPart title: Working Party Reports. Pottery. pp. 51. 1946.
=580  \\$aPart title: Working Party Reports. Heavy Clothing. pp. 208. 1947.
=580  \\$aPart title: Working Party Reports. Lace. pp. 163. 1947.
=580  \\$aPart title: Working Party Reports. Linoleum and Felt Base. pp. viii. 48. 1947.
=580  \\$aPart title: Working Party Reports. Wool. pp. vii. 231. 1947.
=580  \\$aPart title: Working Party Reports. Cutlery. pp. iii. 29. 1947.
=580  \\$aPart title: Working Party Reports. Light Clothing. pp. 52. 1947.
=580  \\$aPart title: Working Party Reports. Rubber Proofed Clothing. pp. 40. 1947.
=580  \\$aPart title: Working Party Reports. Carpets. pp. 117. 1947.
=580  \\$aPart title: Working Party Reports. Handblown Domestic Glassware. pp. 14. 3. 1947.
=580  \\$aPart title: Working Party Reports. Jute. pp. x. 121. 1948.
=580  \\$aPart title: Working Party Reports. China Clay. pp. x. ii. 67. 1948.
=787  0\$w(Uk)MP1.0001156163.0.1
=787  0\$w(Uk)MP1.0001156163.0.2
=787  0\$w(Uk)MP1.0001156163.0.3
=787  0\$w(Uk)MP1.0001156163.0.4
=787  0\$w(Uk)MP1.0001156163.0.5
=787  0\$w(Uk)MP1.0001156163.0.6
=787  0\$w(Uk)MP1.0001156163.0.7
=787  0\$w(Uk)MP1.0001156163.0.8
=787  0\$w(Uk)MP1.0001156163.0.9
=787  0\$w(Uk)MP1.0001156163.0.10
=787  0\$w(Uk)MP1.0001156163.0.11
=787  0\$w(Uk)MP1.0001156163.0.12
=787  0\$w(Uk)MP1.0001156163.0.13
=787  0\$w(Uk)MP1.0001156163.0.14
=787  0\$w(Uk)MP1.0001156163.0.15
=787  0\$w(Uk)MP1.0001156163.0.16
=787  0\$w(Uk)MP1.0001156163.0.17
=852  41$aBritish Library$bHMNTS$jB.S.41/171.
=852  41$aBritish Library$bDSC$jW40/0409$iHandblown domestic glassware
=852  41$aBritish Library$bDSC$jOP-GPA/13930$iHandblown domestic glassware
=852  41$aBritish Library$bDSC$jOP-GPA/113$iHandblown domestic glassware
=852  41$aBritish Library$bDSC$jW36/2171$iHeavy clothing
=852  41$aBritish Library$bDSC$jOP-GPA/1759$iHeavy clothing
=852  41$aBritish Library$bDSC$jOP-GPA/2075
=852  41$aBritish Library$bDSC$jOP-GPA/7294$iLinoleum and felt base
=852  41$aBritish Library$bDSC$jW40/0416$iLinoleum and felt base
=852  41$aBritish Library$bDSC$jOP-GPA/48$iLinoleum and felt base
=852  41$aBritish Library$bDSC$jOP-GPA/8248$iPottery
=852  41$aBritish Library$bDSC$jOP-GPA/4270$iPottery
=852  41$aBritish Library$bDSC$jP *1*$iPottery
=852  41$aBritish Library$bDSC$jp418$iPottery
=852  41$aBritish Library$bDSC$jOP-GPA/13932$iBoots and shoes
=852  41$aBritish Library$bDSC$jOP-GPA/7487$iBoots and shoes
=852  41$aBritish Library$bDSC$jp419$iBoots and shoes
=852  41$aBritish Library$bDSC$jW40/0419$iCarpets
=852  41$aBritish Library$bDSC$jOP-GPA/2074$iCarpets
=852  41$aBritish Library$bDSC$jOP-GPA/8249$iCotton
=852  11$aBritish Library$bDSC$h338.1$iCotton
=852  41$aBritish Library$bDSC$jp420$iCotton
=852  41$aBritish Library$bDSC$jOP-GPA/47$iCutlery
=852  41$aBritish Library$bDSC$jOP-GPA/728$iCutlery
=852  41$aBritish Library$bDSC$jOP-GPA/13931$iFurniture
=852  41$aBritish Library$bDSC$jOP-GPA/114$iFurniture
=852  41$aBritish Library$bDSC$jOP-GPA/115$iHosiery
=852  41$aBritish Library$bDSC$jP *2*$iHosiery
=852  41$aBritish Library$bDSC$jW37/7970$iJewellery and silverware
=852  41$aBritish Library$bDSC$jOP-GPA/1758$iJewellery and silverware
=852  41$aBritish Library$bDSC$jOP-GPA/2071$iJewellery and silverware
=852  41$aBritish Library$bDSC$jOP-GPA/116$iJute
=852  41$aBritish Library$bDSC$jOP-GPA/117$iLace
=852  41$aBritish Library$bDSC$jOP-GPA/7488$iLace
=852  41$aBritish Library$bDSC$jOP-GPA/118$iLight clothing
=852  41$aBritish Library$bDSC$jOP-GPA/119$iRubber proofed clothing
=852  41$aBritish Library$bDSC$jW38/7600$iWool
=852  41$aBritish Library$bDSC$jOP-GPA/55$iWool
=852  41$aBritish Library$bDSC$jOP-GPA/8646$iWool
=852  41$aBritish Library$bDSC$jOP-GPA/1760$iChina clay
=852  41$aBritish Library$bDSC$jW40/4559$iCutlery
=852  41$aBritish Library$bDSC$jW40/0417$iCutlery
=985  \\$aUpgraded by BSS-generated file for WR1910-0531
=CAT  \\$aCONV$b00$c20040502$lBLL01$h0914
=CAT  \\$a5194$b40$c20070627$lBLL01$h0824
=CAT  \\$aBATCH$b00$c20091128$lBLL01$h1841
=CAT  \\$aBLSS-CORR$b00$c20120209$lBLL01$h1538
=CAT  \\$a1805-0738$c20180928$lBLL01$h1817
=CAT  \\$a1805-0738$b00$c20180928$lBLL01$h1856
=CAT  \\$aW1910-0531$b00$c20191025$lBLL01$h1825
=CAT  \\$aW2001-2376$c20200508$lBLL01$h1901
=FIN  \\$aY
=LEO  \\$aMP1.0001156163
=SRC  \\$aBLS01$bbibmp1.200404.2.ab
=LAS  \\$aW2001-2376$b00$c20200508$lBLL01$h1901

