=LDR  01649cam a22004573  4500
=001  001105701
=003  Uk
=005  20220128183610.0
=008  880718|1946|||||||\\\\||\\\\o|||\||eng\\
=FMT  \\$a  BK
=019  x\$a0973820020
=040  \\$aUk$cUk
=110  1\$aGreat Britain.$bDepartment of Agriculture for Scotland.
=245  10$aAgricultural Survey of Scotland.
=264  \1$aEdinburgh,$c1946.
=300  \\$a76 pages ;$c(oblong folio)
=336  \\$atext$2rdacontent
=337  \\$aunmediated$2rdamedia
=338  \\$avolume$2rdacarrier
=883  0\$aLanguage codes assigned by Bayesian analysis of words present in record$d20201028$qUk$c0.9010
=852  41$aBritish Library$bHMNTS$jB.S.151/25.
=852  41$aBritish Library$bDSC$jOP-fGPA/30
=852  11$aBritish Library$bDSC$hf630.941
=985  \\$aCorrected by BSS-generated file for WR# 11/211
=985  \\$aRecord amended for WR# 13/070
=985  \\$aCorrected by MS generated file for WR# 1805-0738
=CAT  \\$aCONV$b00$c20040502$lBLL01$h0914
=CAT  \\$a5100$b40$c20070228$lBLL01$h1132
=CAT  \\$aBATCH$b00$c20091128$lBLL01$h1843
=CAT  \\$aWR11_211$c20120528$lBLL01$h1602
=CAT  \\$aBLSS-CORR$b00$c20120528$lBLL01$h1613
=CAT  \\$aWR13_070$b00$c20130504$lBLL01$h0100
=CAT  \\$aWR13_070C$c20130615$lBLL01$h2115
=CAT  \\$a1805-0738$c20180928$lBLL01$h1818
=CAT  \\$a1805-0738$b00$c20180928$lBLL01$h1857
=CAT  \\$aW2001-2376$c20200508$lBLL01$h1902
=CAT  \\$aW2201-1476$b00$c20220128$lBLL01$h1836
=FIN  \\$aY
=LEO  \\$aMP1.0001161877
=SRC  \\$aBLS01$bbibmp1.200404.2.ab
=LAS  \\$aW2201-1476$b00$c20220128$lBLL01$h1836

