=LDR  01588 am a22004333  4500
=001  001111724
=003  Uk
=005  20201002182809.0
=008  880629|1918||||enk\\\\||\\\\o|||\||eng\\
=FMT  \\$a  BK
=019  x\$a0981640036
=040  \\$aUk$cUk
=110  1\$aGreat Britain.$bMeteorological Office.
=240  10$aThe Weather Map. Fourth issue ... By Sir Napier Shaw.
=245  10$aMeteorological Glossary ... In continuation of The Weather Map.
=264  \1$aLondon,$c1918.
=300  \\$a94 pages ;$c(16º)
=336  \\$atext$2rdacontent
=337  \\$aunmediated$2rdamedia
=338  \\$avolume$2rdacarrier
=883  0\$aLanguage codes assigned by Bayesian analysis of words present in record$d20200826$qUk$c0.9919
=852  41$aBritish Library$bHMNTS$jB.S.26/127.(1.)
=852  11$aBritish Library$bDSC$cQ$h551.5 *2*
=852  41$aBritish Library$bDSC$jOP-GPA/5178
=985  \\$aUpgraded by BSS-generated file for WR1910-0531
=985  \\$aUpgraded by BSS-generated file for WR2009-0365
=CAT  \\$aCONV$b00$c20040502$lBLL01$h0914
=CAT  \\$a5194$b40$c20080320$lBLL01$h1555
=CAT  \\$aBATCH$b00$c20091128$lBLL01$h1845
=CAT  \\$aBLSS-CORR$b00$c20110311$lBLL01$h1719
=CAT  \\$a1805-0738$c20180928$lBLL01$h1819
=CAT  \\$a1805-0738$b00$c20180928$lBLL01$h1857
=CAT  \\$aW1910-0531$b00$c20191025$lBLL01$h1826
=CAT  \\$aW2001-2376$c20200508$lBLL01$h1903
=CAT  \\$aW2009-0365$b00$c20201002$lBLL01$h1828
=FIN  \\$aY
=LEO  \\$aMP1.0001168338
=SRC  \\$aBLS01$bbibmp1.200404.2.ab
=LAS  \\$aW2009-0365$b00$c20201002$lBLL01$h1828

