=LDR  01878 am a22004813  4500
=001  001111804
=003  Uk
=005  20201002182809.0
=008  941228|1940||||enk\\\\||\\\\o|||\||eng\\
=FMT  \\$a  BK
=019  x\$a0981660150
=040  \\$aUk$cUk
=110  1\$aGreat Britain.$bMeteorological Office.
=245  10$aMeteorology for Aviators. By R. C. Sutcliffe. (Incorporating A. L. no. 1. to 1939 edition.).
=264  \1$aLondon,$c1940.
=300  \\$axiv, 278 pages, XXVII plates ;$c(8º)
=336  \\$atext$2rdacontent
=337  \\$aunmediated$2rdamedia
=338  \\$avolume$2rdacarrier
=700  1\$aSUTCLIFFE, Reginald Cockroft.
=787  0\$tAmendment List no. 2.$w(Uk)MP1.0001168411.1$dLondon, 1941. 8º.
=886  2\$2blmarc$a709$b00$aSUTCLIFFE$hReginald Cockroft$pB.S.26/98.(2.)$x3173930096
=883  0\$aLanguage codes assigned by Bayesian analysis of words present in record$d20200826$qUk$c0.9919
=852  41$aBritish Library$bHMNTS$jB.S.26/98.(2.)
=852  41$aBritish Library$bDSC$jOP-GPA/2198
=852  11$aBritish Library$bDSC$h629.1324
=985  \\$aUpgraded by BSS-generated file for WR1910-0531
=985  \\$aUpgraded by BSS-generated file for WR2009-0365
=CAT  \\$aCONV$b00$c20040502$lBLL01$h0914
=CAT  \\$a5194$b40$c20080320$lBLL01$h1555
=CAT  \\$aBATCH$b00$c20091128$lBLL01$h1845
=CAT  \\$aWR11_211$c20120725$lBLL01$h1717
=CAT  \\$aBLSS-CORR$b00$c20120725$lBLL01$h1742
=CAT  \\$a1805-0738$c20180928$lBLL01$h1819
=CAT  \\$a1805-0738$b00$c20180928$lBLL01$h1857
=CAT  \\$aBATCH-UPD$b00$c20180929$lBLL01$h0249
=CAT  \\$aW1910-0531$b00$c20191025$lBLL01$h1826
=CAT  \\$aW2001-2376$c20200508$lBLL01$h1903
=CAT  \\$aW2009-0365$b00$c20201002$lBLL01$h1828
=FIN  \\$aY
=LEO  \\$aMP1.0001168411
=SRC  \\$aBLS01$bbibmp1.200404.2.ab
=LAS  \\$aW2009-0365$b00$c20201002$lBLL01$h1828

