=LDR  01653 am a22004573  4500
=001  001111869
=003  Uk
=005  20200508190344.0
=008  010928|1950||||enk\\\\||\\\\o|||\||eng\\
=FMT  \\$a  BK
=019  x\$a0981670318
=040  \\$aUk$cUk
=110  1\$aGreat Britain.$bMeteorological Office.
=240  10$aThe Weather Map. An introduction to modern meteorology. [By John S. Dines.] Third edition ... reprinted.
=245  14$aThe Meteorological Glossary. Third edition. In continuation of the Weather Map.
=264  \1$aLondon,$c1950.
=300  \\$a253 pages ;$c(8º)
=336  \\$atext$2rdacontent
=337  \\$aunmediated$2rdamedia
=338  \\$avolume$2rdacarrier
=500  \\$aPrevious edition 1939.
=852  41$aBritish Library$bHMNTS$jMissing
=852  41$aBritish Library$bDSC$jOP-GPA/2779
=852  41$aBritish Library$bDSC$jOP-GPA/6015
=852  41$aBritish Library$bDSC$jW36/8408
=852  11$aBritish Library$bDSC$cQ$h551.5 *1*
=985  \\$aUpgraded by BSS-generated file for WR1910-0531
=CAT  \\$aCONV$b00$c20040502$lBLL01$h0914
=CAT  \\$a5194$b40$c20080320$lBLL01$h1555
=CAT  \\$a8874$b40$c20090813$lBLL01$h1142
=CAT  \\$aBATCH$b00$c20091128$lBLL01$h1845
=CAT  \\$aBATCH$b00$c20101223$lBLL01$h1651
=CAT  \\$aBLSS-CORR$b00$c20110311$lBLL01$h1719
=CAT  \\$a1805-0738$c20180928$lBLL01$h1819
=CAT  \\$a1805-0738$b00$c20180928$lBLL01$h1857
=CAT  \\$aW1910-0531$b00$c20191025$lBLL01$h1826
=CAT  \\$aW2001-2376$c20200508$lBLL01$h1903
=FIN  \\$aY
=LEO  \\$aMP1.0001168452
=SRC  \\$aBLS01$bbibmp1.200404.2.ab
=LAS  \\$aW2001-2376$b00$c20200508$lBLL01$h1903

