=LDR  01495 am a22003973  4500
=001  001113813
=003  Uk
=005  20200508190406.0
=008  880629|1953||||enk\\\\||\\\\o|||\||eng\\
=FMT  \\$a  BK
=019  x\$a0982360274
=040  \\$aUk$cUk
=110  1\$aGreat Britain.$bMinistry of Housing and Local Government.
=245  10$aDesign in Town and Village. Part one. The English Village. By Thomas Sharp ... Part two. The Design of Residential Areas. By Frederick Gibberd ... Part three. Design in City Centres. By W. G. Holford.
=264  \1$aLondon,$c1953.
=300  \\$avi, 120 pages ;$c(8º)
=336  \\$atext$2rdacontent
=337  \\$aunmediated$2rdamedia
=338  \\$avolume$2rdacarrier
=852  41$aBritish Library$bHMNTS$jB.S.128/13.
=852  41$aBritish Library$bDSC$jOP-GPA/5270
=852  11$aBritish Library$bDSC$hq711.4
=985  \\$aUpgraded by BSS-generated file for WR1910-0531
=CAT  \\$aCONV$b00$c20040502$lBLL01$h0914
=CAT  \\$a5194$b40$c20060829$lBLL01$h1405
=CAT  \\$aBATCH$b00$c20091128$lBLL01$h1846
=CAT  \\$aBLSS-CORR$b00$c20110421$lBLL01$h1621
=CAT  \\$a1805-0738$c20180928$lBLL01$h1819
=CAT  \\$a1805-0738$b00$c20180928$lBLL01$h1858
=CAT  \\$aW1910-0531$b00$c20191025$lBLL01$h1827
=CAT  \\$aW1910-0531$b00$c20200313$lBLL01$h1825
=CAT  \\$aW2001-2376$c20200508$lBLL01$h1904
=FIN  \\$aY
=LEO  \\$aMP1.0001170419
=SRC  \\$aBLS01$bbibmp1.200404.2.ab
=LAS  \\$aW2001-2376$b00$c20200508$lBLL01$h1904

