=LDR  01408 am a22003973  4500
=001  001115087
=003  Uk
=005  20200508190427.0
=008  880629|1944||||enk\\\\||\\\\o|||\||eng\\
=FMT  \\$a  BK
=019  x\$a0982850328
=040  \\$aUk$cUk
=110  1\$aGreat Britain.$bMinistry of Supply.
=245  10$aFive-Figure Logarithm Tables. Containing logarithms of numbers and logarithms of trigonometrical functions with argument in degrees and decimals.
=264  \1$aLondon,$c1944.
=300  \\$a3 parts ;$c(8º)
=336  \\$atext$2rdacontent
=337  \\$aunmediated$2rdamedia
=338  \\$avolume$2rdacarrier
=852  41$aBritish Library$bHMNTS$j08548.d.35.
=852  41$aBritish Library$bDSC$jW39/2840
=852  11$aBritish Library$bDSC$h510.8
=985  \\$aUpgraded by BSS-generated file for WR1910-0531
=CAT  \\$aCONV$b00$c20040502$lBLL01$h0914
=CAT  \\$a5194$b40$c20070108$lBLL01$h1204
=CAT  \\$aBATCH$b00$c20091128$lBLL01$h1847
=CAT  \\$aBLSS-CORR$b00$c20111222$lBLL01$h1534
=CAT  \\$a1805-0738$c20180928$lBLL01$h1819
=CAT  \\$a1805-0738$b00$c20180928$lBLL01$h1858
=CAT  \\$aW1910-0531$b00$c20191025$lBLL01$h1827
=CAT  \\$aW1910-0531$b00$c20200313$lBLL01$h1825
=CAT  \\$aW2001-2376$c20200508$lBLL01$h1904
=FIN  \\$aY
=LEO  \\$aMP1.0001171732
=SRC  \\$aBLS01$bbibmp1.200404.2.ab
=LAS  \\$aW2001-2376$b00$c20200508$lBLL01$h1904

