=LDR  01886 am a22004813  4500
=001  001115131
=003  Uk
=005  20200508190427.0
=008  880629|1943||||enk\\\\||\\\\o|||\||eng\\
=FMT  \\$a  BK
=019  x\$a0982870043
=040  \\$aUk$cUk
=110  1\$aGreat Britain.$bMinistry of Supply.$bAdvisory Service on Quality Control.
=245  12$aA First Guide to Quality Control for Engineers. [With charts.] (Compiled by E. H. Sealy.).
=264  \1$aLondon,$c1943 [1944]
=300  \\$a37 pages ;$c(8º)
=336  \\$atext$2rdacontent
=337  \\$aunmediated$2rdamedia
=338  \\$avolume$2rdacarrier
=700  1\$aSEALY, Eldred Hutchinson.
=787  0\$tA First Guide to Quality Control for Engineers. (Compiled by E. H. Sealy.)$w(Uk)MP1.0001171770.1$dLondon, 1945. 8º.
=886  2\$2blmarc$a709$b00$aSEALY$hEldred Hutchinson$pB.S.62/3.$x2970090260$pB.S.62/5.$x2970090260
=852  41$aBritish Library$bHMNTS$jB.S.62/3.
=852  41$aBritish Library$bDSC$jW36/3021
=852  41$aBritish Library$bDSC$jOP-GPA/14501
=852  11$aBritish Library$bDSC$h658.562
=985  \\$aUpgraded by BSS-generated file for WR1910-0531
=CAT  \\$aCONV$b00$c20040502$lBLL01$h0914
=CAT  \\$a5194$b40$c20070108$lBLL01$h1647
=CAT  \\$aBATCH-UPD$b40$c20070108$lBLL01$h1654
=CAT  \\$aBLC-CORR$b00$c20070110$lBLL01$h1810
=CAT  \\$aBLSS-CORR$b00$c20080627$lBLL01$h1551
=CAT  \\$aBATCH$b00$c20091128$lBLL01$h1847
=CAT  \\$a1805-0738$c20180928$lBLL01$h1819
=CAT  \\$a1805-0738$b00$c20180928$lBLL01$h1858
=CAT  \\$aBATCH-UPD$b00$c20180929$lBLL01$h0255
=CAT  \\$aW1910-0531$b00$c20191025$lBLL01$h1827
=CAT  \\$aW1910-0531$b00$c20200313$lBLL01$h1825
=CAT  \\$aW2001-2376$c20200508$lBLL01$h1904
=FIN  \\$aY
=LEO  \\$aMP1.0001171770
=SRC  \\$aBLS01$bbibmp1.200404.2.ab
=LAS  \\$aW2001-2376$b00$c20200508$lBLL01$h1904

