=LDR  01642 am a22004453  4500
=001  001115280
=003  Uk
=005  20201002182822.0
=008  880629|1947||||enk\\\\||\\\\o|||\||eng\\
=FMT  \\$a  BK
=019  x\$a0982930127
=040  \\$aUk$cUk
=110  1\$aGreat Britain.$bMinistry of Housing and Local Government.
=245  10$aAdvisory Handbook on the Redevelopment of Central Areas. [With illustrations.]
=264  \1$aLondon,$c1947.
=300  \\$a99 pages ;$c(4º)
=336  \\$atext$2rdacontent
=337  \\$aunmediated$2rdamedia
=338  \\$avolume$2rdacarrier
=883  0\$aLanguage codes assigned by Bayesian analysis of words present in record$d20200826$qUk$c0.9919
=852  41$aBritish Library$bHMNTS$jB.S.71/10.
=852  41$aBritish Library$bDSC$jOP-GPA/92
=852  11$aBritish Library$bDSC$h711.55
=852  41$aBritish Library$bDSC$jOP-GPA/14640
=985  \\$aUpgraded by BSS-generated file for WR1910-0531
=985  \\$aUpgraded by BSS-generated file for WR2009-0365
=CAT  \\$aCONV$b00$c20040502$lBLL01$h0914
=CAT  \\$a5194$b40$c20070115$lBLL01$h0841
=CAT  \\$aBATCH-UPD$b40$c20070115$lBLL01$h0842
=CAT  \\$aBATCH$b00$c20091128$lBLL01$h1847
=CAT  \\$aBLSS-CORR$b00$c20110311$lBLL01$h1719
=CAT  \\$a1805-0738$c20180928$lBLL01$h1819
=CAT  \\$a1805-0738$b00$c20180928$lBLL01$h1858
=CAT  \\$aW1910-0531$b00$c20191025$lBLL01$h1827
=CAT  \\$aW2001-2376$c20200508$lBLL01$h1904
=CAT  \\$aW2009-0365$b00$c20201002$lBLL01$h1828
=FIN  \\$aY
=LEO  \\$aMP1.0001171938
=SRC  \\$aBLS01$bbibmp1.200404.2.ab
=LAS  \\$aW2009-0365$b00$c20201002$lBLL01$h1828

