=LDR  02063 am a22004813  4500
=001  001115301
=003  Uk
=005  20201002182822.0
=008  880629|1949||||enk\\\\||\\\\o|||\||eng\\
=FMT  \\$a  BK
=019  x\$a0982940025
=040  \\$aUk$cUk
=110  1\$aGreat Britain.$bMinistry of Housing and Local Government.
=245  10$aSouth Wales Outline Plan for the South Wales and Monmouthshire Development Area, excluding the Borough of Pembroke. By T. Alwyn Lloyd ... Herbert Jackson. [With plates and maps.]
=264  \1$aLondon,$c1949.
=300  \\$a106 pages ;$c(oblong folio)
=336  \\$atext$2rdacontent
=337  \\$aunmediated$2rdamedia
=338  \\$avolume$2rdacarrier
=700  1\$aJACKSON, Herbert,$cF.R.I.B.A.
=700  1\$aLLOYD, Thomas Alwyn,$cand JACKSON (Herbert) F.R.I.B.A.
=886  2\$2blmarc$a709$b00$aJACKSON$hHerbert$fF.R.I.B.A.$pCup.1251.a.20.$x162117025X
=886  2\$2blmarc$a709$b00$aLLOYD$hThomas Alwyn$fand JACKSON (Herbert) F.R.I.B.A.$pCup.1251.a.20.$x1960120255
=883  0\$aLanguage codes assigned by Bayesian analysis of words present in record$d20200826$qUk$c0.9919
=852  41$aBritish Library$bHMNTS$jCup.1251.a.20.
=852  11$aBritish Library$bDSC$hq711.309429$qCopy at q711.309429. Missing.
=985  \\$aUpgraded by BSS-generated file for WR1910-0531
=985  \\$aUpgraded by BSS-generated file for WR2009-0365
=CAT  \\$aCONV$b00$c20040502$lBLL01$h0914
=CAT  \\$a5194$b40$c20070115$lBLL01$h0841
=CAT  \\$aBATCH-UPD$b40$c20070115$lBLL01$h0842
=CAT  \\$aBATCH$b00$c20091128$lBLL01$h1847
=CAT  \\$aWR11_211$c20120528$lBLL01$h1602
=CAT  \\$aBLSS-CORR$b00$c20120528$lBLL01$h1613
=CAT  \\$a1805-0738$c20180928$lBLL01$h1819
=CAT  \\$a1805-0738$b00$c20180928$lBLL01$h1858
=CAT  \\$aW1910-0531$b00$c20191025$lBLL01$h1827
=CAT  \\$aW2001-2376$c20200508$lBLL01$h1904
=CAT  \\$aW2009-0365$b00$c20201002$lBLL01$h1828
=FIN  \\$aY
=LEO  \\$aMP1.0001171959
=SRC  \\$aBLS01$bbibmp1.200404.2.ab
=LAS  \\$aW2009-0365$b00$c20201002$lBLL01$h1828

