=LDR  01723cam a22004573  4500
=001  001115387
=003  Uk
=005  20220128183629.0
=008  880629|1938||||enk\\\\||\\\\o|||\||eng\\
=FMT  \\$a  BK
=019  x\$a0982970056
=040  \\$aUk$cUk
=100  1\$aBRESSEY, Charles Herbert,$cSir.
=245  10$aHighway development survey 1937 (Greater London) /$cSir Charles Bressey ... engineer. Sir Edwin Lutyens ... consultant. [With maps.]
=264  \1$aLondon,$c1938.
=300  \\$a68 pages ;$c(folio)
=336  \\$atext$2rdacontent
=337  \\$aunmediated$2rdamedia
=338  \\$avolume$2rdacarrier
=700  1\$aLutyens, Edwin Landseer,$cSir,$d1869-1944.
=710  1\$aGreat Britain.$bMinistry of Transport.
=883  0\$aLanguage codes assigned by Bayesian analysis of words present in record$d20201028$qUk$c0.9010
=852  41$aBritish Library$bHMNTS$jB.S.43/30.
=852  41$aBritish Library$bDSC$jOP-fGPA/580
=852  11$aBritish Library$bDSC$hf711.7309421
=985  \\$aUpgraded by BSS-generated file for WR1910-0531
=CAT  \\$aCONV$b00$c20040502$lBLL01$h0914
=CAT  \\$a5194$b40$c20070115$lBLL01$h0943
=CAT  \\$aBATCH$b00$c20091128$lBLL01$h1847
=CAT  \\$a8874$b40$c20110105$lBLL01$h1053
=CAT  \\$aBLSS-CORR$b00$c20110825$lBLL01$h1528
=CAT  \\$a8874$b40$c20160811$lBLL01$h1034
=CAT  \\$a1805-0738$c20180928$lBLL01$h1819
=CAT  \\$a1805-0738$b00$c20180928$lBLL01$h1858
=CAT  \\$aW1910-0531$b00$c20191025$lBLL01$h1827
=CAT  \\$aW2001-2376$c20200508$lBLL01$h1904
=CAT  \\$aW2201-1476$b00$c20220128$lBLL01$h1836
=FIN  \\$aY
=LEO  \\$aMP1.0001172046
=SRC  \\$aBLS01$bbibmp1.200404.2.ab
=LAS  \\$aW2201-1476$b00$c20220128$lBLL01$h1836

