=LDR  01592 am a22004213  4500
=001  001117815
=003  Uk
=005  20200508190457.0
=008  880629|1911||||enk\\\\||\\\\o|||\||eng\\
=FMT  \\$a  BK
=019  x\$a0983900167
=040  \\$aUk$cUk
=110  1\$aGreat Britain.$bPost Office.
=245  14$aThe Post Office. An historical summary. [With illustrations.]
=264  \1$aLondon,$c1911.
=300  \\$a139 pages ;$c(8º)
=336  \\$atext$2rdacontent
=337  \\$aunmediated$2rdamedia
=338  \\$avolume$2rdacarrier
=775  0\$t[The Post Office. An historical summary. [With illustrations.]]$w(Uk)MP1.0001174575.1
=852  41$aBritish Library$bHMNTS$jB.S.31/16.
=852  11$aBritish Library$bDSC$hq383.4942(p)
=985  \\$aUpgraded by BSS-generated file for WR1910-0531
=CAT  \\$aCONV$b00$c20040502$lBLL01$h0914
=CAT  \\$a5194$b40$c20080325$lBLL01$h0913
=CAT  \\$aBATCH$b00$c20091128$lBLL01$h1848
=CAT  \\$aBATCH$b00$c20101223$lBLL01$h1651
=CAT  \\$aBLSS-CORR$b00$c20110311$lBLL01$h1719
=CAT  \\$a1805-0738$c20180928$lBLL01$h1820
=CAT  \\$a1805-0738$b00$c20180928$lBLL01$h1858
=CAT  \\$aBATCH-UPD$b00$c20180929$lBLL01$h0301
=CAT  \\$aW1910-0531$b00$c20191025$lBLL01$h1827
=CAT  \\$aW2001-2376$c20200508$lBLL01$h1904
=FIN  \\$aY
=LEO  \\$aMP1.0001174575
=LKR  \\$aPAR$b001117816$r775$mThe Post Office. An historical summary. [With illustrations.]$n[The Post Office. An historical summary. [With illustrations.]]
=SRC  \\$aBLS01$bbibmp1.200404.2.ab
=LAS  \\$aW2001-2376$b00$c20200508$lBLL01$h1904

