=LDR  01215 am a22003733  4500
=001  001121080
=003  Uk
=005  20140211094722.0
=008  880629|1927||||enk\\\\||\\\\o|||\||eng\\
=FMT  \\$a  BK
=019  x\$a0990470091
=040  \\$aUk$cUk
=110  1\$aGreat Britain.$bCommittee on National Debt and Taxation.
=245  10$aMinutes of evidence, etc.
=260  \\$aLondon,$c1927.
=300  \\$a2 vol. (730 p.) ;$c34 cm.
=336  \\$atext$2rdacontent
=337  \\$aunmediated$2rdamedia
=338  \\$avolume$2rdacarrier
=852  41$aBritish Library$bHMNTS$jB.S.44/4.
=852  11$aBritish Library$bDSC$hf336.42$3Vol. 1 only.
=985  \\$aCorrected by MS generated file for WR# 11/211
=CAT  \\$aCONV$b00$c20040502$lBLL01$h0914
=CAT  \\$a5194$b40$c20071128$lBLL01$h1557
=CAT  \\$a5194$b40$c20071129$lBLL01$h1156
=CAT  \\$aBATCH$b00$c20091128$lBLL01$h1849
=CAT  \\$a6550$b40$c20140211$lBLL01$h0946
=CAT  \\$a6550$b40$c20140211$lBLL01$h0947
=CAT  \\$aWR11_211$c20140218$lBLL01$h1759
=CAT  \\$aBLSS-CORR$b00$c20140218$lBLL01$h1818
=FIN  \\$aY
=LEO  \\$aMP1.0001178048
=SRC  \\$aBLS01$bbibmp1.200404.2.ab
=LAS  \\$aBLSS-CORR$b00$c20140218$lBLL01$h1818

