=LDR  01356 am a22003973  4500
=001  001121081
=003  Uk
=005  20200313182548.0
=008  880629|1927|||||||\\\\||\\\\o|||\||eng\\
=FMT  \\$a  BK
=019  x\$a0990470105
=040  \\$aUk$cUk
=110  10$aGreat Britain.$bCommittee on National Debt and Taxation.
=245  10$aReport of the Committee, etc.
=260  \\$aLondon,$c1927.
=300  \\$aviii, 448 p. :$bplate ;$c25 cm.
=336  \\$atext$2rdacontent
=337  \\$aunmediated$2rdamedia
=338  \\$avolume$2rdacarrier
=490  0\$a(Parliamentary papers. Cmd. 2800.)
=852  41$aBritish Library$bHMNTS$jB.S.44/4.
=852  11$aBritish Library$bDSC$h336.42 *1*$qCopy at 336.42 *1*. Mislaid.
=985  \\$aUpgraded by BSS-generated file for WR1910-0531
=CAT  \\$aCONV$b00$c20040502$lBLL01$h0914
=CAT  \\$a5194$b40$c20071128$lBLL01$h1557
=CAT  \\$a5194$b40$c20071129$lBLL01$h1156
=CAT  \\$aBATCH$b00$c20091128$lBLL01$h1849
=CAT  \\$aBATCH$b00$c20091223$lBLL01$h2354
=CAT  \\$aWR11_211$c20130108$lBLL01$h1749
=CAT  \\$aBLSS-CORR$b00$c20130108$lBLL01$h1806
=CAT  \\$aW1910-0531$b00$c20200313$lBLL01$h1825
=CAT  \\$aBATCH-UPD$b00$c20200314$lBLL01$h0305
=FIN  \\$aY
=LEO  \\$aMP1.0001178049
=SRC  \\$aBLS01$bbibmp1.200404.2.ab
=LAS  \\$aBATCH-UPD$b00$c20200314$lBLL01$h0305

