=LDR  01293 am a22003973  4500
=001  001121082
=003  Uk
=005  20121231165100.0
=008  880629|1927|||||||\\\\||\\\\o|||\|||||\\
=FMT  \\$a  BK
=019  x\$a0990470113
=040  \\$aUk$cUk
=110  1\$aGreat Britain.$bCommittee on National Debt and Taxation.
=240  10$aReport of the Committee, etc.
=245  10$aAppendices, etc.
=260  \\$aLondon,$c1927.
=300  \\$a187 p. :$bplates ;$c25 cm.
=336  \\$atext$2rdacontent
=337  \\$aunmediated$2rdamedia
=338  \\$avolume$2rdacarrier
=852  41$aBritish Library$bHMNTS$jB.S.44/4.
=852  11$aBritish Library$bDSC$h336.42
=852  41$aBritish Library$bDSC$jOP-GPA/6174
=852  41$aBritish Library$bDSC$jOP-GPA/5886
=852  41$aBritish Library$bDSC$jOP-GPA/13885
=985  \\$aCorrected by MS generated file for WR# 11/211
=CAT  \\$aCONV$b00$c20040502$lBLL01$h0914
=CAT  \\$a5194$b40$c20071128$lBLL01$h1557
=CAT  \\$a5194$b40$c20071129$lBLL01$h1156
=CAT  \\$aBATCH$b00$c20091128$lBLL01$h1849
=CAT  \\$aWR11_211$c20121231$lBLL01$h1647
=CAT  \\$aBLSS-CORR$b00$c20121231$lBLL01$h1651
=FIN  \\$aY
=LEO  \\$aMP1.0001178050
=SRC  \\$aBLS01$bbibmp1.200404.2.ab
=LAS  \\$aBLSS-CORR$b00$c20121231$lBLL01$h1651

