=LDR  01328 am a22003973  4500
=001  001121418
=003  Uk
=005  20200508190541.0
=008  880629|1957||||enk\\\\||\\\\o|||\||eng\\
=FMT  \\$a  BK
=019  x\$a0990590259
=040  \\$aUk$cUk
=110  1\$aGreat Britain.$bUniversity Grants Committee.
=245  10$aReport of the Sub-Committee on Halls of Residence.
=264  \1$aLondon,$c1957.
=300  \\$avi, 54 pages ;$c(8º)
=336  \\$atext$2rdacontent
=337  \\$aunmediated$2rdamedia
=338  \\$avolume$2rdacarrier
=852  41$aBritish Library$bHMNTS$jB.S.44/185.
=852  11$aBritish Library$bDSC$h378.1
=852  41$aBritish Library$bDSC$jW44/8322
=985  \\$aUpgraded by BSS-generated file for WR1910-0531
=CAT  \\$aCONV$b00$c20040502$lBLL01$h0914
=CAT  \\$a12179$b40$c20090211$lBLL01$h1538
=CAT  \\$aBATCH$b00$c20091128$lBLL01$h1849
=CAT  \\$aBLSS-CORR$b00$c20110421$lBLL01$h1622
=CAT  \\$a1805-0738$c20180928$lBLL01$h1820
=CAT  \\$a1805-0738$b00$c20180928$lBLL01$h1858
=CAT  \\$aW1910-0531$b00$c20191025$lBLL01$h1827
=CAT  \\$aW1910-0531$b00$c20200313$lBLL01$h1825
=CAT  \\$aW2001-2376$c20200508$lBLL01$h1905
=FIN  \\$aY
=LEO  \\$aMP1.0001178405
=SRC  \\$aBLS01$bbibmp1.200404.2.ab
=LAS  \\$aW2001-2376$b00$c20200508$lBLL01$h1905

