=LDR  01945cas a22004813  4500
=001  001150744
=003  Uk
=005  20220817161310.0
=008  880515u1782||||enk|||p|||\\\||\\\||eng\\
=FMT  \\$a  SE
=019  x\$a1013740084
=040  \\$aUk$cUk
=245  04$aThe London Kalendar; or Court and City Register for 1783, 84, 85, (87, 88, 90, 91, 92, 93, 94, 95, 96, 97, 1800, 1803-1806, 1808, 1813.).
=264  \1$aLondon,$c[1782-1812]
=300  \\$c(12º)
=336  \\$atext$2rdacontent
=337  \\$aunmediated$2rdamedia
=338  \\$avolume$2rdacarrier
=340  \\$m12mo$2rdabf
=500  \\$aThere are two editions of 1795.
=655  \7$aEphemerides.$2fast$0(OCoLC)fst01910826
=852  41$aBritish Library$bHMNTS$jP.P.2506.k.
=852  41$aBritish Library$bHMNTS$jC.108.c.57.(2.)$3[Another copy of the issue for 1785.] The London calendar, or Court and city register, etc. [1784].***A variant, bearing the words "Corrected to the 18th of November, 1784" at the head of the titlepage.
=852  41$aBritish Library$bHMNTS$qCopy at XXXX. Imperfect: wanting pp.[3-4], 1-2.$z1787 copy.
=985  \\$aUpdated by MS generated file for WR# 2208-1291
=985  \\$aUpgraded by BSS-generated file for WR1910-0531
=CAT  \\$aCONV$b00$c20040502$lBLL01$h0915
=CAT  \\$c20041025$lBLL01$h1501
=CAT  \\$c20041025$lBLL01$h1634
=CAT  \\$c20041026$lBLL01$h1619
=CAT  \\$aBATCH$b00$c20091128$lBLL01$h1900
=CAT  \\$aBATCH$b00$c20101223$lBLL01$h1654
=CAT  \\$aWR11_211$c20121009$lBLL01$h2009
=CAT  \\$aBLSS-CORR$b00$c20121009$lBLL01$h2023
=CAT  \\$a1805-0738$c20180928$lBLL01$h1825
=CAT  \\$a1805-0738$b00$c20180928$lBLL01$h1902
=CAT  \\$aW1910-0531$b00$c20191025$lBLL01$h1830
=CAT  \\$aW2208-1291$c20220817$lBLL01$h1540
=FIN  \\$aY
=LEO  \\$aMP1.0001207497
=SRC  \\$aBLS01$bbibmp1.200404.2.ab
=TCO  \\$aZZZ$c008
=LAS  \\$aW2208-1291$b00$c20220817$lBLL01$h1540

