=LDR  04469cas a2200889 i 4500
=001  001152126
=003  Uk
=005  20231004093855.0
=008  880515d17561841enkar\p\\\5\\\0\\\a|eng\\
=FMT  \\$a  SE
=019  x\$a1014160200
=040  \\$aUk$beng$cUk$dUk$erda$edcrms
=100  1\$aRider, Cardanus.
=245  10$aRiders: ... British Merlin:$bDemonstrating the trve revolution of the year, the mutation and chang of weather chronological observations of notable occurrences past, to this present year 1656. Notes on husbandry. With many necessary tables, containing directions for such as use marts and fairs; also for travellers that coast the common-wealth; with other notes of physick and good consequence: and a table of interest after the rate of 6 per cent.$cMade and compiled for the benefit of his countery, by Schardanus Riders.
=246  3\$aRider's British Merlin
=264  \1$aLondon :$bPrinted by R. & W. Leybourn, for the Company of Stationers,$c1656-<1841>
=300  \\$avolumes :$billustrations (woodcut) ;$c12⁰
=310  \\$aAnnual
=336  \\$atext$2rdacontent
=337  \\$aunmediated$2rdamedia
=338  \\$avolume$2rdacarrier
=340  \\$m12mo$2rdabf
=362  0\$a1656-<1841>
=500  \\$aTitles varies slightly. From 1738 title appears as: Rider's British Merlin: for the year of our Lord ...
=500  \\$aImprint varies; later issues include S. Griffin, Thomas Newcomb, Edward Jones, M. Jones, John Nutt, Elizabeth Nutt, Richard Nutt, Henry Woodfall, William Woodfall, R & M Brown, George Hawkins, John Wilkie, Robert Horsfield and George Greenhill.
=588  0\$a1656.
=588  1\$a1839.
=650  \0$aMarkets$zGreat Britain$vCalendars$vEarly works to 1800.
=655  \7$aAlmanacs.$2rbmscv
=655  \7$aEphemerides.$2rbmscv
=710  2\$aStationers' Company (London, England),$epublisher.
=852  41$aBritish Library$bHMNTS$jP.P.2471.
=852  41$aBritish Library$bHMNTS$jRB.23.a.35661$31787 only.
=852  41$aBritish Library$bHMNTS$z1794 only
=852  41$aBritish Library$bHMNTS$jP.P.2465.$31822 only.
=852  41$aBritish Library$bHMNTS$jP.P.2508.k.$3[Another copy for 1813.]
=852  41$aBritish Library$bHMNTS$jP.P.2506.g.$3[Another copy for 1781, 97, 98, 99.]
=852  41$aBritish Library$bHMNTS$j1568/2639.(2.)$3[Another copy for 1798.] Rider's British Merlin, etc. [1798].
=852  41$aBritish Library$bHMNTS$jRB.23.a.35301.(1)$31794 only.
=852  41$aBritish Library$bHMNTS$jC.128.a.16.$31704 only.
=852  41$aBritish Library$bHMNTS$j1606/902.(2.)$31762 only.
=852  41$aBritish Library$bHMNTS$jC.188.a.310$31702 only.
=852  41$aBritish Library$bHMNTS$jC.108.cc.19.$31696 only.
=852  41$aBritish Library$bHMNTS$jC.128.a.17.$31708 only.
=852  41$aBritish Library$bHMNTS$jAdd.MS.30234$31776 only.
=852  41$aBritish Library$bHMNTS$jAdd.MS.30236$31770 only.
=852  41$aBritish Library$bHMNTS$jAdd.MS.30237$31771 only.
=852  41$aBritish Library$bHMNTS$jC.129.a.6.$31776 only.
=852  41$aBritish Library$bHMNTS$jRB.23.a.10015.$31678 only.
=852  41$aBritish Library$bHMNTS$jP.P.2506.gab$31756, 1757, 1760, 1762, 1766, 1768, 1769 only.
=852  41$aBritish Library$bHMNTS$jAdd.MS.30235$31768 only.
=852  41$aBritish Library$bHMNTS$jP.P.2469.b.
=985  \\$aUpdated by MS generated file for WR# 2208-1291
=985  \\$aUpgraded by BSS-generated file for WR1910-0531
=985  \\$aUpgraded by BSS-generated file for WR2009-0365
=CAT  \\$aCONV$b00$c20040502$lBLL01$h0915
=CAT  \\$c20041025$lBLL01$h1501
=CAT  \\$c20041025$lBLL01$h1633
=CAT  \\$c20041026$lBLL01$h1620
=CAT  \\$aglobal_upd$b40$c20060416$lBLL01$h1255
=CAT  \\$aBATCH$b00$c20091128$lBLL01$h1901
=CAT  \\$aWR11_211$c20121009$lBLL01$h2009
=CAT  \\$aBLSS-CORR$b00$c20121009$lBLL01$h2023
=CAT  \\$a1805-0738$c20180928$lBLL01$h1825
=CAT  \\$a1805-0738$b00$c20180928$lBLL01$h1902
=CAT  \\$aW1910-0531$b00$c20191025$lBLL01$h1830
=CAT  \\$aW2009-0365$b00$c20201002$lBLL01$h1829
=CAT  \\$aW2208-1291$c20220817$lBLL01$h1540
=CAT  \\$a15802E$b40$c20231003$lBLL01$h1713
=CAT  \\$a15802E$b40$c20231003$lBLL01$h1716
=CAT  \\$a15802E$b40$c20231003$lBLL01$h1716
=CAT  \\$a15802E$b40$c20231004$lBLL01$h0938
=FIN  \\$aY$d20231003
=LEO  \\$aMP1.0001208816
=SRC  \\$aBLS01$bbibmp1.200404.2.ab
=TCO  \\$aZZZ$c008
=LAS  \\$a15802E$b40$c20231004$lBLL01$h0938

