=LDR  01820cas a22004933  4500
=001  001152571
=003  Uk
=005  20220817161329.0
=008  880515u1782||||enk|||p|||\\\||\\\||eng\\
=FMT  \\$a  SE
=019  x\$a1014290422
=040  \\$aUk$cUk
=245  00$aStockdale's New Companion to the London and Royal Calendars, or Court and City Register, for the year 1783 (1784, 85, 87, 88, 1792, 93, 94).
=264  \1$aLondon,$c[1782-93]
=300  \\$c(12º)
=336  \\$atext$2rdacontent
=337  \\$aunmediated$2rdamedia
=338  \\$avolume$2rdacarrier
=340  \\$m12mo$2rdabf
=655  \7$aEphemerides.$2fast$0(OCoLC)fst01910826
=883  0\$aLanguage codes assigned by Bayesian analysis of words present in record$d20200826$qUk$c0.9919
=852  41$aBritish Library$bHMNTS$jP.P.2506.k.(2.)
=852  41$aBritish Library$bHMNTS$z1794 only
=985  \\$aUpdated by MS generated file for WR# 2208-1291
=985  \\$aUpgraded by BSS-generated file for WR1910-0531
=985  \\$aUpgraded by BSS-generated file for WR2009-0365
=CAT  \\$aCONV$b00$c20040502$lBLL01$h0915
=CAT  \\$c20041025$lBLL01$h1500
=CAT  \\$c20041025$lBLL01$h1633
=CAT  \\$c20041026$lBLL01$h1620
=CAT  \\$aglobal_upd$b40$c20060416$lBLL01$h1256
=CAT  \\$aBATCH$b00$c20091128$lBLL01$h1901
=CAT  \\$aWR11_211$c20121009$lBLL01$h2009
=CAT  \\$aBLSS-CORR$b00$c20121009$lBLL01$h2023
=CAT  \\$a1805-0738$c20180928$lBLL01$h1825
=CAT  \\$a1805-0738$b00$c20180928$lBLL01$h1903
=CAT  \\$aW1910-0531$b00$c20191025$lBLL01$h1830
=CAT  \\$aW2009-0365$b00$c20201002$lBLL01$h1829
=CAT  \\$aW2208-1291$c20220817$lBLL01$h1540
=FIN  \\$aY
=LEO  \\$aMP1.0001209245
=SRC  \\$aBLS01$bbibmp1.200404.2.ab
=TCO  \\$aZZZ$c008
=LAS  \\$aW2208-1291$b00$c20220817$lBLL01$h1540

