=LDR  02377 am a2200625 a 4500
=001  001208574
=003  Uk
=005  20130321120941.0
=008  881005m19201924enkab\\\\\\\\o001\0\eng\\
=FMT  \\$a  BK
=019  x\$a1062840283
=019  u\$aG10591867
=019  u\$aG10591868
=019  u\$aG10591869
=019  u\$aG10591870
=040  \\$aUk$cUk$dUk
=082  04$a940.45
=100  1\$aFayle, C. Ernest$q(Charles Ernest),$d1881-
=245  10$aSeaborne trade /$cby C. Ernest Fayle.
=260  \\$aLondon :$bJohn Murray,$c1920-1924.
=300  \\$a3 v. :$bill., maps ;$c23 cm. +$eportfolio of 9 maps.
=336  \\$atext$2rdacontent
=337  \\$aunmediated$2rdamedia
=338  \\$avolume$2rdacarrier
=490  0\$aHistory of the Great War based on official documents.
=500  \\$aBy direction of the Historical Section of the Committee of imperial Defense.
=505  0\$av. 1. The cruiser period -- v. 2. From the opening of the submarine campaign to the appointment of the shipping controller -- v. 3. The period of unrestricted submarine warfare.
=650  \0$aWorld War, 1914-1918$xNaval operations.
=650  \0$aMerchant marine$zGreat Britain.
=650  \0$aShipping$zGreat Britain.
=710  1\$aGreat Britain.$bCommittee of Imperial Defence.
=852  41$aBritish Library$bHMNTS$jB.S.68/87.
=852  41$aBritish Library$bDSC$j940.45 *1479*$ivol. 2
=852  41$aBritish Library$bDSC$jW66/0358$ivol. 2
=852  41$aBritish Library$bDSC$jW66/0857$ivol. 1
=852  11$aBritish Library$bDSC$h940.45 *1478*$ivol. 1$3Text and maps to be issued together
=852  41$aBritish Library$bDSC$j940.45 *1480*$ivol. 3
=CAT  \\$aCONV$b00$c20040502$lBLL01$h0916
=CAT  \\$aBATCH$b00$c20091128$lBLL01$h1921
=CAT  \\$aBATCH$b00$c20091224$lBLL01$h0000
=CAT  \\$aWR11_211$c20120830$lBLL01$h1711
=CAT  \\$aBLSS-CORR$b00$c20120830$lBLL01$h1716
=CAT  \\$a6537$b40$c20130321$lBLL01$h0913
=CAT  \\$a6537$b40$c20130321$lBLL01$h0921
=CAT  \\$a6537$b40$c20130321$lBLL01$h1124
=CAT  \\$a6537$b40$c20130321$lBLL01$h1209
=FIN  \\$aY
=LEO  \\$aMP1.0001270762
=LEO  \\$aMP34.0000143219
=LEO  \\$aMP34.0000143220
=LEO  \\$aMP34.0000143221
=LEO  \\$aMP34.0000143222
=SRC  \\$aBLS01$bbibmp1.200404.2.ab
=SRC  \\$aUCB01$bbibmp34.200404.2.aa
=LAS  \\$a6537$b40$c20130321$lBLL01$h1209

