=LDR  01624 am a22004693  4500
=001  001209209
=003  Uk
=005  20200508191909.0
=008  881005|1954||||enk\\\\||\\\\\|||\||eng\\
=FMT  \\$a  BK
=019  x\$a1063080355
=040  \\$aUk$cUk
=100  1\$aFearon, Ethelind.
=245  14$aThe Reluctant Hostess ... Pictured by Alex Jardine.
=264  \1$aLondon :$bHerbert Jenkins,$c1954.
=300  \\$a127 pages ;$c(8º)
=336  \\$atext$2rdacontent
=337  \\$aunmediated$2rdamedia
=338  \\$avolume$2rdacarrier
=852  41$aBritish Library$bHMNTS$j7948.bb.58.
=852  4\$aBritish Library$bDSC$xW53/9431
=985  \\$aCorrected by BSS-generated file for WR# 11/048
=985  \\$aEnhanced by MS generated file for WR# 12/139
=985  \\$aCorrected by MS generated file for WR# 1805-0738
=CAT  \\$aCONV$b00$c20040502$lBLL01$h0916
=CAT  \\$aUCB-HOL$b00$c20070903$lBLL01$h1544
=CAT  \\$aBATCH$b00$c20070903$lBLL01$h2259
=CAT  \\$aBATCH$b00$c20071124$lBLL01$h1458
=CAT  \\$aBATCH$b00$c20091128$lBLL01$h1921
=CAT  \\$aBATCH$b00$c20101223$lBLL01$h1657
=CAT  \\$aBLSS-CORR$b00$c20110421$lBLL01$h1623
=CAT  \\$aWR12.139$b00$c20130508$lBLL01$h1754
=CAT  \\$a1805-0738$c20180928$lBLL01$h1833
=CAT  \\$a1805-0738$b00$c20180928$lBLL01$h1910
=CAT  \\$aBATCH-UPD$b00$c20180929$lBLL01$h0613
=CAT  \\$aBATCH-UPD$b00$c20191222$lBLL01$h2052
=CAT  \\$aW2001-2376$c20200508$lBLL01$h1919
=FIN  \\$aY
=LEO  \\$aMP1.0001271442
=SRC  \\$aBLS01$bbibmp1.200404.2.ab
=SRC  \\$aUCB 2007
=LAS  \\$aW2001-2376$b00$c20200508$lBLL01$h1919

