=LDR  01692cam a22004573  4500
=001  001297744
=003  Uk
=005  20221222092000.0
=008  981111m18859999fr\\\\\\\c\\\o000\0\fre\\
=FMT  \\$a  BK
=019  x\$a1134490275
=040  \\$aUk$beng$cUk
=110  1\$aFrance.$bMinistère de l'instruction publique.
=245  10$aCatalogue général des Manuscrits des bibliothèques publiques de France.
=260  \\$aParis,$c1885-
=300  \\$avolume ;$c23 cm.
=336  \\$atext$2rdacontent
=337  \\$aunmediated$2rdamedia
=338  \\$avolume$2rdacarrier
=500  \\$aFrom May 1932, published by the Ministère de l'Éducation Nationale.
=655  \4$aCatalogues.
=650  \0$aManuscripts, Hebrew.
=710  1\$aFrance.$bMinistère de l'éducation nationale.
=852  11$aBritish Library$bHMNTS$kMSS$h017.4$3Volume 47 Strasbourg. Including a description of the Hebrew MSS nos. 3927-4112 (viii, 936 pages), Paris, 1923.
=852  \\$aBritish Library$bOC$jBar T.4.b
=985  \\$aCorrected by BSS-generated file for WR# 11/211
=CAT  \\$aCONV$b00$c20040502$lBLL01$h0918
=CAT  \\$c20041020$lBLL01$h1540
=CAT  \\$aglobal_upd$b40$c20060416$lBLL01$h1335
=CAT  \\$aBATCH$b00$c20091128$lBLL01$h1953
=CAT  \\$aBATCH$b00$c20100716$lBLL01$h2315
=CAT  \\$aBATCH$b00$c20100729$lBLL01$h1812
=CAT  \\$aBLSS-CORR$b00$c20120210$lBLL01$h1534
=CAT  \\$aBATCH-UPD$b00$c20130520$lBLL01$h2238
=CAT  \\$a11837$b40$c20180731$lBLL01$h1519
=CAT  \\$a8874$b40$c20221222$lBLL01$h0920
=FIN  \\$aY
=LEO  \\$aMP1.0001366527
=SRC  \\$aBLS01$bbibmp1.200404.2.ab
=TCO  \\$aZZZ$c008
=LAS  \\$a8874$b40$c20221222$lBLL01$h0920

