=LDR  01616 am a22004333  4500
=001  001750667
=003  Uk
=005  20200515193743.0
=008  881212|1946|||||||\\\\||\\\\\|||\||eng\\
=FMT  \\$a  BK
=019  x\$a1541150090
=040  \\$aUk$cUk
=100  1\$aHOYLE, Edmond.
=245  10$aHoyle Up-to-Date. The official rules of card games. (44th edition.) Edited by Albert H. Morehead and Geoffrey Mott-Smith.
=264  \1$aPhiladelphia ;$aToronto :$bJohn C. Winston Co,$c1946.
=300  \\$a256 pages ;$c(8º)
=336  \\$atext$2rdacontent
=337  \\$aunmediated$2rdamedia
=338  \\$avolume$2rdacarrier
=700  1\$aMorehead, Albert H.$q(Albert Hodges),$d1909-1966.
=700  1\$aSMITH, Geoffrey Mott.
=886  2\$2blmarc$a709$b00$aMOREHEAD$hAlbert Hodges$p7919.aaa.4.$x2263010149
=886  2\$2blmarc$a709$b00$aSMITH$hGeoffrey Mott$p7919.aaa.4.$x3053150042
=852  41$aBritish Library$bHMNTS$j7919.aaa.4.
=852  11$aBritish Library$bSTI$cBIPC
=985  \\$aUpgraded by BSS-generated file for WR1910-0531
=CAT  \\$aCONV$b00$c20040502$lBLL01$h0927
=CAT  \\$a11306$b40$c20090219$lBLL01$h1635
=CAT  \\$aBATCH$b00$c20091128$lBLL01$h2326
=CAT  \\$aWR11_211$c20121206$lBLL01$h1629
=CAT  \\$aBLSS-CORR$b00$c20121206$lBLL01$h1640
=CAT  \\$a1805-0738$c20181012$lBLL01$h1821
=CAT  \\$a1805-0738$b00$c20181012$lBLL01$h1854
=CAT  \\$aW1910-0531$b00$c20200327$lBLL01$h1801
=CAT  \\$aW2001-2376$c20200515$lBLL01$h1937
=FIN  \\$aY
=LEO  \\$aMP1.0001845337
=SRC  \\$aBLS01$bbibmp1.200404.2.ac
=LAS  \\$aW2001-2376$b00$c20200515$lBLL01$h1937

