=LDR  01139 am a22003493  4500
=001  001795745
=003  Uk
=005  20070626113255.0
=008  881229s1846\\\\ii\\\\\||\\\\o|||\||eng\\
=FMT  \\$a  BK
=019  x\$a1581880189
=040  \\$aUk$cUk
=110  2\$aIndian Law Commission.
=245  10$aReport on the Indian Penal Code.
=260  \\$aCalcutta :$bW. Ridsdale, Military Orphan Press,$c1846.
=300  \\$a190 p. ;$c33 cm.
=336  \\$atext$2rdacontent
=337  \\$aunmediated$2rdamedia
=338  \\$avolume$2rdacarrier
=500  \\$aDated: 23 July 1846. With a postscript, dated: 5 Nov. 1846. Both signed: C.H. Cameron, D. Eliott.
=650  \0$aCriminal law$zIndia.
=700  1\$aCameron, C. H.$q(Charles Hay),$d1795-1880.
=700  1\$aEliott, D.
=852  41$aBritish Library$bHMNTS$jI.S.71/5.
=852  41$aBritish Library$bOC$mIOL.1947.b.43(a)
=CAT  \\$aCONV$b00$c20040502$lBLL01$h0927
=CAT  \\$a4039$b40$c20070626$lBLL01$h1132
=CAT  \\$aBATCH$b00$c20091128$lBLL01$h2344
=FIN  \\$aY
=LEO  \\$aMP1.0001893652
=SRC  \\$aBLS01$bbibmp1.200404.2.ac
=LAS  \\$aBATCH$b00$c20091128$lBLL01$h2344

