=LDR  01895 am a22004573  4500
=001  001816960
=003  Uk
=005  20210127174819.0
=008  881130|1957||||ie\\\\\||\\\\o|||\||eng\\
=FMT  \\$a  BK
=019  x\$a160282018X
=040  \\$aUk$cUk
=110  1\$aIRELAND [Republic of Ireland, 1949-].$bIrish Manuscripts Commission.
=245  10$aCatalogue of Publications issued and in preparation, 1928-1957.
=264  \1$aDublin,$c1957.
=300  \\$a72 pages ;$c(8º)
=336  \\$atext$2rdacontent
=337  \\$aunmediated$2rdamedia
=338  \\$avolume$2rdacarrier
=651  \7$aIreland$2fast$0(OCoLC)fst01205427
=883  0\$aCountry codes derived from: A topical index to pressmarks in use in the British Museum Library ... / Robin Alston. (London : R.C. Alston, 1987)$d20201111$qUk
=883  0\$aFAST headings derived from: A topical index to pressmarks in use in the British Museum Library ... / Robin Alston. (London : R.C. Alston, 1987)$d20201111$qUk
=852  41$aBritish Library$bHMNTS$j2701.5a.2.
=852  41$aBritish Library$bHMNTS$jC.S.A.116/6.$3[Another copy.]
=852  11$aBritish Library$bDSC$h941.5
=985  \\$aUpgraded by BSS-generated file for WR1910-0531
=985  \\$aUpgraded by BSS-generated file for WR2012-0338
=CAT  \\$aCONV$b00$c20040502$lBLL01$h0928
=CAT  \\$aBATCH$b00$c20091128$lBLL01$h2353
=CAT  \\$aBLSS-CORR$b00$c20110311$lBLL01$h1728
=CAT  \\$a1805-0738$c20181012$lBLL01$h1830
=CAT  \\$a1805-0738$b00$c20181012$lBLL01$h1900
=CAT  \\$aW1910-0531$b00$c20200327$lBLL01$h1804
=CAT  \\$aW2001-2376$c20200523$lBLL01$h1036
=CAT  \\$aW2011-1475$c20201123$lBLL01$h1555
=CAT  \\$aW2012-0338$b00$c20201209$lBLL01$h1940
=CAT  \\$aW2012-0338$c20210127$lBLL01$h1748
=FIN  \\$aY
=LEO  \\$aMP1.0001920785
=SRC  \\$aBLS01$bbibmp1.200404.2.ac
=LAS  \\$aW2012-0338$b00$c20210127$lBLL01$h1748

