=LDR  02958cam a22007093  4500
=001  003266161
=003  Uk
=005  20221231160706.0
=008  900228|1967||||it\\\\\||\\\\\|||\||ita\\
=FMT  \\$a  BK
=019  x\$a2913350062
=040  \\$aUk$cUk
=100  1\$aScazzoso, Piero.
=245  10$aRicerche sulla struttura del linguaggio dello pseudo-Dionigi Areopagita. Introduzione alla lettura delle opere pseudo-dionisiane.
=264  \1$aMilano,$c1967.
=300  \\$a200 pages ;$c(8º)
=336  \\$atext$2rdacontent
=337  \\$aunmediated$2rdamedia
=338  \\$avolume$2rdacarrier
=490  0\$a[Pubblicazioni dell'Università Cattolica del Sacro Cuore. Contributi. ser. 3. no. 14.]
=540  \\$aCurrent Copyright Fee: GBP25.00$c0$5Uk
=720  \\$aDionysius,$cthe Areopagite, Saint,$d1st cent.
=886  2\$2blmarc$a709$b00$aDIONYSIUS, Saint, called the Areopagite$tAppendix$pX.100/6054.$x0834160188
=883  0\$aLanguage codes assigned by Bayesian analysis of words present in record$d20181024$qUk$c0.997
=852  41$aBritish Library$bHMNTS$jX.100/6054.
=852  4\$aBritish Library$bDSC$j3429.630000$i14
=852  4\$aBritish Library$bDSC$i14
=985  \\$aUpgraded by BSS-generated file for WR1910-0531
=CAT  \\$aCONV$b00$c20040502$lBLL01$h1002
=CAT  \\$aBATCH$b00$c20070905$lBLL01$h2149
=CAT  \\$aBATCH$b00$c20071125$lBLL01$h0114
=CAT  \\$a8964$b40$c20090401$lBLL01$h1311
=CAT  \\$aBATCH$b00$c20091130$lBLL01$h0421
=CAT  \\$aBATCH$b00$c20091213$lBLL01$h2343
=CAT  \\$aBATCH$b00$c20100103$lBLL01$h1048
=CAT  \\$aBATCH-UPD$b00$c20100701$lBLL01$h2036
=CAT  \\$aBLSS-CORR$b00$c20110311$lBLL01$h1748
=CAT  \\$a1805-0738$c20181117$lBLL01$h0911
=CAT  \\$a1805-0738$b00$c20181117$lBLL01$h0947
=CAT  \\$aBATCH-CLA$b00$c20181118$lBLL01$h0115
=CAT  \\$aW1903-1550$b00$c20190607$lBLL01$h1827
=CAT  \\$aBATCH-CLA$b00$c20190608$lBLL01$h0114
=CAT  \\$aW1910-0531$b00$c20191108$lBLL01$h1848
=CAT  \\$aBATCH-CLA$b00$c20191109$lBLL01$h0127
=CAT  \\$aBATCH-CLA$b00$c20191219$lBLL01$h1516
=CAT  \\$aIPL-CLA$c20191231$lBLL01$h1518
=CAT  \\$aR2001-1524$c20200127$lBLL01$h1905
=CAT  \\$aBATCH-CLA$b00$c20200128$lBLL01$h0449
=CAT  \\$aW2001-2376$c20200612$lBLL01$h1828
=CAT  \\$aBATCH-CLA$b00$c20200613$lBLL01$h0119
=CAT  \\$aBATCH-CLA$b00$c20201204$lBLL01$h1302
=CAT  \\$aIPL-CLA$c20201231$lBLL01$h1644
=CAT  \\$aBATCH-CLA$b00$c20221221$lBLL01$h1558
=CAT  \\$aIPL-CLA$c20221231$lBLL01$h1607
=CFI  0\$aCurrent Copyright Fee: GBP25.00$c0$e01-jan-2023$fGBP25.00$g0$hA$5Uk
=CFI  2\$aPrevious Copyright Fee: GBP22.50$c0$e01-jan-2021$fGBP22.50$g0$hA$5Uk
=FIN  \\$aY
=LEO  \\$aMP1.0003485728
=SRC  \\$aBLS01$bbibmp1.200404.2.ad
=SRC  \\$aUCB 2007
=ACF  \\$aPrevious Copyright Fee: GBP20.00$c0$e01-jan-2020$fGBP20.00$g0$hA$5Uk
=LAS  \\$aIPL-CLA$b00$c20221231$lBLL01$h1607

