=LDR  01973cam a22004573  4500
=001  000125310
=003  Uk
=005  20220804115400.0
=008  871007|1600||||it\\\\\||\\\\\|||\||ita\\
=FMT  \\$a  BK
=019  x\$a0122170237
=040  \\$aUk$cUk
=100  1\$aARTUSI, Giovanni Maria.
=245  10$aL'Artusi, ouero delle imperfettioni della musica moderna ragionamenti dui ... Nouamente stampato. (Seconda parte dell'Artusi, etc.).
=264  \1$aVenetia :$bGiacomo Vicenti,$c1600, 03.
=300  \\$a2 parts ;$c(folio)
=336  \\$atext$2rdacontent
=337  \\$aunmediated$2rdamedia
=338  \\$avolume$2rdacarrier
=340  \\$mfolio$2rdabf
=700  1\$3Copies at 785.l.16.(2.), 785.l.17.,$aSloane, Hans,$cSir,$d1660-1753$eformer owner.$1http://isni.org/isni/0000000123196729$5Uk
=883  0\$aLanguage codes assigned by Bayesian analysis of words present in record$d20181024$qUk$c0.997
=852  41$aBritish Library$bMUSIC$jHirsch I.35.$qCopy at Hirsch I.35. Imperfect: Part II is lacking all after p.56; Considerationi musicali, del R.P.D. Gio. Maria Artusi da Bologna.
=852  41$aBritish Library$bHMNTS$k785.l.16.(2), 785.l.17
=985  \\$aCorrected by MS generated file for WR# 11/211
=985  \\$aCorrected by MS generated file for WR# 1805-0738
=985  \\$aUpdated by MS generated file for WR# 2207-1865
=CAT  \\$aCONV$b00$c20040502$lBLL01$h0851
=CAT  \\$aglobal_upd$b40$c20060416$lBLL01$h1247
=CAT  \\$aBATCH$b00$c20091125$lBLL01$h2341
=CAT  \\$aWR11_211$c20121115$lBLL01$h1751
=CAT  \\$aBLSS-CORR$b00$c20121115$lBLL01$h1809
=CAT  \\$a1805-0738$c20180907$lBLL01$h1948
=CAT  \\$a1805-0738$b00$c20180907$lBLL01$h2031
=CAT  \\$aW1812-0728$c20190202$lBLL01$h1638
=CAT  \\$aW1903-1550$b00$c20190519$lBLL01$h1215
=CAT  \\$aW2207-1865$c20220804$lBLL01$h1154
=FIN  \\$aY
=LEO  \\$aMP1.0000142256
=SRC  \\$aBLS01$bbibmp1.200404.2.aa
=LAS  \\$aW2207-1865$b00$c20220804$lBLL01$h1154

