=LDR  02609cam a2200505   4500
=001  000165372
=003  Uk
=005  20220804115400.0
=008  960321s1679\\\\enkaf\\||\\\\\|||\||eng\\
=FMT  \\$a  BK
=019  x\$a0160820316
=040  \\$aUk$cUk
=100  00$aW. B.$q(William Badcock)
=245  12$aA new touch-stone for gold and silver wares /$cby W. B. of London, goldsmith [i.e. William Badcock] ; to which is likewise added, the useful and easie tables of Mr. John Reynolds ... plainly shewing how to cast up and make all sorts of gold and silver true standard.
=250  \\$aSecond edition, corrected and much enlarged.$bby W. B. of London, goldsmith [i.e. William Badcock] ; to which is likewise added, the useful and easie tables of Mr. John Reynolds ... plainly shewing how to cast up and make all sorts of gold and silver true standard.
=260  \\$aLondon :$bPrinted for J. Bellinger, and T. Basset,$c1679.
=300  \\$a2 pts., plates :$bill.
=336  \\$atext$2rdacontent
=337  \\$aunmediated$2rdamedia
=338  \\$avolume$2rdacarrier
=650  \0$aPrecious metals$xAssaying$vEarly works to 1800.
=650  \0$aSilverwork$xExpertising.
=650  \0$aGoldwork$xExpertising.
=700  0\$aW. B.$q(William Badcock).$tTouch-stone for gold and silver wares.
=700  1\$3Copy at 1029.a.3.,$aSloane, Hans,$cSir,$d1660-1753$eformer owner.$1http://isni.org/isni/0000000123196729$5Uk
=886  2\$2blmarc$a709$b00$aB.$hW.$fof London, Goldsmith$p1651/1059.$x0153210141
=886  2\$2blmarc$a709$b00$aNEW TOUCHSTONE$p1029.a.3.$x2350330133$p1651/1059.$x2350330133
=886  2\$2blmarc$a709$b00$aTOUCHSTONE$p1029.a.3.$x3281300197
=852  41$aBritish Library$bHMNTS$j1651/1059.
=852  41$aBritish Library$bHMNTS$j1029.a.3.$qCopy at 1029.a.3. Imperfect. Wanting the frontispiece.
=852  41$aBritish Library$bHMNTS$qCopy at XXXX. Imperfect: 'Here followeth a brief and easie way' only. Wanting signatures D³-D⁸, E¹-E⁵, H⁸-K⁴.
=985  \\$aCorrected by BSS-generated file
=985  \\$aUpdated by MS generated file for WR# 2207-1865
=CAT  \\$aCONV$b00$c20040502$lBLL01$h0852
=CAT  \\$aBLSS-CORR$b00$c20080625$lBLL01$h1626
=CAT  \\$aBATCH$b00$c20091126$lBLL01$h0009
=CAT  \\$a4039$b40$c20091204$lBLL01$h1421
=CAT  \\$a4039$b40$c20091204$lBLL01$h1423
=CAT  \\$a4039$b40$c20091204$lBLL01$h1439
=CAT  \\$aBATCH-UPD$b40$c20141006$lBLL01$h0717
=CAT  \\$aW2207-1865$c20220804$lBLL01$h1154
=FIN  \\$aY
=LEO  \\$aMP1.0000186806
=SRC  \\$aBLS01$bbibmp1.200404.2.aa
=LAS  \\$aW2207-1865$b00$c20220804$lBLL01$h1154

