=LDR  03071 am a22006133  4500
=001  000329855
=003  Uk
=005  20140311122141.0
=008  950705|1675||||enk\\\\||\\\\||||\||grc\\
=FMT  \\$a  BK
=019  x\$a0294630120
=040  \\$aUk$cUk
=130  0\$aBible.New Testament. Greek
=245  10$aΤης Καινης Διαθηκης ἁπαντα. Novi Testamenti libri omnes. Accesserunt parallela Scripturæ loca, nec non variantes lectiones ex plus 100 MSS. codicibus et antiquis versionibus collectæ. [Edited by J. Fell, Bishop of Oxford.] Copious MS. notes.
=264  \1$aOxonii :$bE Theatro Sheldoniano,$c1675.
=300  \\$a648 pages ;$c(12º)
=336  \\$atext$2rdacontent
=337  \\$aunmediated$2rdamedia
=338  \\$avolume$2rdacarrier
=340  \\$m12mo$2rdabf
=500  \\$aInterleaved.
=700  0\$aGeorge$bIII,$cKing of Great Britain,$d1738-1820,$eformer owner.$5Uk
=700  0\$aGeorge$bIV,$cKing of Great Britain,$d1762-1830,$edonor.$5Uk
=700  1\$aAshe, Robert.
=700  1\$aFELL, John,$cBishop of Oxford.
=886  2\$2blmarc$a709$b00$aASHE$hRobert$p1408.i.4-6.$x0123360145
=886  2\$2blmarc$a709$b00$aFELL$hJohn$fBishop of Oxford$p1407.d.10,11.$x1070060062
=852  41$aBritish Library$bHMNTS$j1407.d.10.
=852  41$aBritish Library$bHMNTS$j217.e.24.$3[Another copy.]
=852  41$aBritish Library$bHMNTS$j676.b.25.$3With a different titlepage, omitting the word "Oxonii." With the arms of Count d'Hoym on the binding.
=852  41$aBritish Library$bHMNTS$j466.a.5.$qCopy at 466.a.5. Imperfect: wanting the title page.
=852  41$aBritish Library$bHMNTS$j1408.i.4-6.$qCopy at 1408.i.4-6. Imperfect: wanting the titlepage, pp. 647-8, and appendix. Interleaved, over three volumes. Copious MS. notes include a handwritten copy of pp. 647-8. With ms. note on front paste-down of volume one signed: "R. Ashe", explaining the interleaving of his notes in the volumes. The notes are in a number of different hands, as well as Ashe's.
=852  41$aBritish Library$bHMNTS$lRB.23.a.26232
=852  41$aBritish Library$bHMNTS$j1407.d.11.
=985  \\$aCorrected by BSS-generated file for WR# 11/211
=985  \\$aEnhanced by MS generated file for WR# 12/139
=985  \\$aEnhanced by MS generated file for WR# 13/021
=985  \\$aCorrected by MS generated file for WR# 1805-0738
=CAT  \\$aCONV$b00$c20040502$lBLL01$h0856
=CAT  \\$c20041021$lBLL01$h1109
=CAT  \\$c20041021$lBLL01$h1132
=CAT  \\$aglobal_upd$b40$c20060416$lBLL01$h1343
=CAT  \\$aBATCH$b00$c20091126$lBLL01$h0146
=CAT  \\$aBLSS-CORR$b00$c20111222$lBLL01$h1522
=CAT  \\$aWR12.139$b00$c20130605$lBLL01$h1754
=CAT  \\$aWR13.021$b00$c20130627$lBLL01$h1741
=CAT  \\$a2225$b40$c20140311$lBLL01$h1221
=CAT  \\$aBATCH-UPD$b40$c20150310$lBLL01$h2032
=CAT  \\$a1805-0738$c20180914$lBLL01$h2229
=CAT  \\$a1805-0738$b00$c20180914$lBLL01$h2324
=FIN  \\$aY
=LEO  \\$aMP1.0000352934
=SRC  \\$aBLS01$bbibmp1.200404.2.aa
=LAS  \\$a1805-0738$b00$c20180914$lBLL01$h2324

