=LDR  04731cam a2200793   4500
=001  000330640
=003  Uk
=005  20221123145642.0
=008  980106s1548\\\\enk\\\\\\\\\\\000\0\eng\c
=FMT  \\$a  BK
=019  x\$a0294960139
=035  \\$a(Uk-ES)006207175
=040  \\$aCU-RivES$cCU-RivES$dCStRLIN$dUk-ES$edcrmb
=100  1\$aErasmus, Desiderius,$d-1536.
=240  10$aParaphrases in Novum Testamentum.$lEnglish.$pVol. 1
=245  14$aThe first tome or volume of the Paraphrase of Erasmus upon the newe testamente.
=246  3\$aFirst tome or volume of the Paraphrase of Erasmus upon the New Testament
=264  \1$aEnpriented at London :$bin Fletestrete at the signe of the sunne by Edwarde Whitchurche,$cthe last daie of Januarie. Anno Domini 1548.
=300  \\$axxviii, xxviii-cxxvi, xcviii, cc, cxxiii, [1], xc leaves ;$c29 cm (2⁰)
=336  \\$atext$2rdacontent
=337  \\$aunmediated$2rdamedia
=338  \\$avolume$2rdacarrier
=340  \\$mfolio$2rdabf
=500  \\$aMark is translated by Thomas Caius, Luke by Nicholas Udall, John by Princess Mary Tudor with the help of Francis Malet; the others anonymous. The whole edited by Udall.
=500  \\$aWith the Bible text in the Great Bible version.
=500  \\$aAt foot of titlepage: "Cum priuilegio Regali ad imprimendum solum."
=500  \\$aIn this edition, Matthew B1r catchword: session.
=500  \\$aDate is 1548 not 1548-9. See Devereux p.148.
=500  \\$aMatthew: leaves lviiii and lxxi misnumbered lxi and lxx respectively and second "i" in leaf xcviii has failed to print properly; Mark: leaf lviii misnumbered lviiii; John: leaf xxvi misnumbered xxv.
=500  \\$aSignatures: A-B⁶ C-D¹⁰ E-Q⁸ a-l⁸ m¹⁰ Aa-Zz⁸ Aaa-Bbb⁸ AAa-OOo⁸ PPp¹² 3A-3K⁸ 3L¹⁰.
=510  4\$aSTC (2nd ed.),$c2854.4
=510  4\$aDevereux, E. Renaissance Engl. translations of Erasmus,$c26.4.6
=510  4\$aESTC,$cS5185
=630  00$aBible.$pNew Testament$vCommentaries.
=630  00$aBible.$pNew Testament$vParaphrases.
=700  0\$aMary$bI,$cQueen of England,$d1516-1558,$etranslator.
=700  1\$aCaius, Thomas,$d-1572,$etranslator.
=700  1\$aMalet, Francis,$etranslator.
=700  1\$aUdall, Nicholas,$d1505-1556,$etranslator.
=700  1\$aWhitchurch, Edward,$d-1561,$eprinter.
=730  0\$aBible.$lEnglish.$sGreat Bible.
=752  \\$aGreat Britain$bEngland$dLondon.
=852  41$aBritish Library$bHMNTS$jC.175.cc.7.$qCopy at C.175.cc.7. Imperfect: wanting sig. h8, PPp12, III1-8; final leaf LLL10 (fol. xc) is supplied from another edition (STC 2854.3) and is numbered lxxxi. According to the British Library General Catalogue leaf Yy5 is wanting, however, it appears to be present (05/2022), possibly added from another copy?
=852  41$aBritish Library$bHMNTS$qCopy at XXXX. Highly imperfect: with many leaves missing and others damaged and torn, affecting text. The following leaves are present in this order. Some are misbound. The first two leaves (a1-2) from Key's preface to the Gospel of Mark are misbound at the front of the volume. They are followed by Gospel of Matthew: C4-9, D1-9, F2-7, G1-7, H1, 3-6, 8, I1, 3-8, K-L⁸, M1,3,6, Q5,4, M8, N3, 5-6, O⁸, P1-3, 6-8, Q3,6. Gospel of Mark: a7-8 (a1-2 bound at front of vol.) b⁸, c3-8, d-e⁸. Gospel of Luke: Aa1-2, 4-5, 7-8. Bb-Dd⁸, Ee2-8, Ff⁸, Gg1, 3-7. Hh⁸, Ii2-7, Pp 2-7, Qq⁸ Tt-Uu⁸ Xx1-2, 4-5, 7-8. Yy2-4, 6-7. Zz-Bbb⁸. Gospel of John: AAa1-3, 6-7. FFf1-7. HHh⁸. IIi⁸(FFf8 bound between IIi 6 and 7). KKk-OOo⁸ PPp2-11. Acts: Leaf 3B1 only.
=985  \\$aCorrected by MS generated file for WR# 11/211
=985  \\$aRecord amended for WR# 13/070
=985  \\$aCorrected by MS generated file for WR# 1805-0738
=CAT  \\$aCONV$b00$c20040502$lBLL01$h0856
=CAT  \\$c20041021$lBLL01$h1110
=CAT  \\$c20041021$lBLL01$h1133
=CAT  \\$aBATCH-UPD$b00$c20061121$lBLL01$h1306
=CAT  \\$aBATCH$b00$c20091126$lBLL01$h0146
=CAT  \\$aBATCH$b00$c20101223$lBLL01$h1601
=CAT  \\$aWR13_070$b00$c20130504$lBLL01$h0055
=CAT  \\$aWR11_211$c20140424$lBLL01$h1749
=CAT  \\$aWR11_211$c20140424$lBLL01$h1756
=CAT  \\$aBLSS-CORR$b00$c20140424$lBLL01$h1807
=CAT  \\$aWR11.211$c20140427$lBLL01$h1453
=CAT  \\$aW1807-1331$c20180719$lBLL01$h1727
=CAT  \\$a1805-0738$c20180914$lBLL01$h2229
=CAT  \\$a1805-0738$b00$c20180914$lBLL01$h2324
=CAT  \\$a12121$b40$c20221123$lBLL01$h1355
=CAT  \\$a12121$b40$c20221123$lBLL01$h1359
=CAT  \\$a12121$b40$c20221123$lBLL01$h1421
=CAT  \\$a12121$b40$c20221123$lBLL01$h1456
=FIN  \\$aY
=LEO  \\$aMP1.0000353680
=SRC  \\$aBLS01$bbibmp1.200404.2.aa
=LAS  \\$a12121$b40$c20221123$lBLL01$h1456

