=LDR  02273cam a22005293  4500
=001  000331187
=003  Uk
=005  20220525120641.0
=008  880331s1886\\\\enk\\\\\\\\\\\000\0\eng\c
=FMT  \\$a  BK
=019  x\$a0295160209
=040  \\$aUk$beng$cUk$erda$edcrmb
=130  0\$aBible.$pNew Testament.$lEnglish.
=245  14$aNew Testament of our Lord and Saviour Jesus Christ.$cTranslated out of the original Greek and with the former translations diligently compared and revised by His Majesty's special command. Printed in an easy reporting style of phonography by Isaac Pitman.
=246  34$aNew Testament in phonography
=264  \1$aLondon ;$aBath :$bIsaac Pitman & Sons, 1 Amen Corner, Paternoster Row ; Phonetic Institute,$c1886.
=300  \\$a368 pages ;$c15 cm (8º)
=336  \\$atext$2rdacontent
=337  \\$aunmediated$2rdamedia
=338  \\$avolume$2rdacarrier
=500  \\$aVersion of 1611.
=500  \\$aPrinted used Pitman's shorthand script.
=650  \0$aShorthand$vTexts.
=700  1\$aPitman, Isaac,$d1813-1897,$eassociated name.
=700  1\$aCollins, John$q(John F. R.),$eformer owner.$5Uk
=710  2\$aPhonetic Institute (Bath, England),$eissuing body.
=752  \\$aGreat Britain$bEngland$dLondon.
=752  \\$aGreat Britain$bEngland$dBath.
=852  41$aBritish Library$bHMNTS$j3052.b.32.
=852  41$aBritish Library$bHMNTS$j12991.e.24.$3[Another copy, with a different titlepage.] I. Pitman & Sons: London, 1886. 8º.
=852  41$aBritish Library$bHMNTS$qCopy at Collins.Add.219. Imperfect: Wanting title page.
=CAT  \\$aCONV$b00$c20040502$lBLL01$h0856
=CAT  \\$c20041021$lBLL01$h1110
=CAT  \\$c20041021$lBLL01$h1133
=CAT  \\$aBATCH$b00$c20091126$lBLL01$h0147
=CAT  \\$aBATCH$b00$c20101223$lBLL01$h1601
=CAT  \\$aBLSS-CORR$b00$c20110421$lBLL01$h1603
=CAT  \\$a11306$b40$c20130226$lBLL01$h1700
=CAT  \\$aWR12.139$b00$c20130501$lBLL01$h1830
=CAT  \\$a1805-0738$c20180914$lBLL01$h2229
=CAT  \\$a1805-0738$b00$c20180914$lBLL01$h2324
=CAT  \\$aW2001-2376$c20200424$lBLL01$h1924
=CAT  \\$aKITHERAE$b40$c20220525$lBLL01$h1206
=FIN  \\$aY
=LEO  \\$aMP1.0000354122
=SRC  \\$aBLS01$bbibmp1.200404.2.aa
=LAS  \\$aKITHERAE$b40$c20220525$lBLL01$h1206

