=LDR  01343 am a22003973  4500
=001  000425347
=003  Uk
=005  20200424194227.0
=008  880106|1967|||||||\\\\||\\\\\|||\||eng\\
=FMT  \\$a  BK
=019  x\$a0384420036
=040  \\$aUk$cUk
=110  2\$aNational Lending Library for Science and Technology (Great Britain)
=245  10$aList of current serials received from Asia.
=264  \1$a[Boston Spa],$c[1967]
=300  \\$a48 pages ;$c(4º)
=336  \\$atext$2rdacontent
=337  \\$aunmediated$2rdamedia
=338  \\$avolume$2rdacarrier
=852  41$aBritish Library$bHMNTS$jB.S.38/195.
=852  41$aBritish Library$bDSC$jW54/1117
=852  11$aBritish Library$bDSC$cQ$h059.95
=852  41$aBritish Library$bDSC$jWq3/4691
=985  \\$aUpgraded by BSS-generated file for WR1910-0531
=CAT  \\$aCONV$b00$c20040502$lBLL01$h0858
=CAT  \\$a5194$b40$c20060224$lBLL01$h1055
=CAT  \\$aBATCH$b00$c20091126$lBLL01$h0234
=CAT  \\$aBLSS-CORR$b00$c20111222$lBLL01$h1523
=CAT  \\$a1805-0738$c20180914$lBLL01$h2248
=CAT  \\$a1805-0738$b00$c20180914$lBLL01$h2332
=CAT  \\$aW1910-0531$b00$c20200313$lBLL01$h1800
=CAT  \\$aW2001-2376$c20200424$lBLL01$h1942
=FIN  \\$aY
=LEO  \\$aMP1.0000451870
=SRC  \\$aBLS01$bbibmp1.200404.2.aa
=LAS  \\$aW2001-2376$b00$c20200424$lBLL01$h1942

