=LDR  01424 am a22004213  4500
=001  000438792
=003  Uk
=005  20200424194513.0
=008  880111|1957||||enk\\\\||\\\\\|||\||eng\\
=FMT  \\$a  BK
=019  x\$a0394930037
=040  \\$aUk$cUk
=100  1\$aBowen, Gordon.
=245  10$aCanada. Economic and commercial conditions in Canada. [With a map.]
=264  \1$aLondon,$c1957.
=300  \\$axi, 316 pages ;$c(8º)
=336  \\$atext$2rdacontent
=337  \\$aunmediated$2rdamedia
=338  \\$avolume$2rdacarrier
=490  0\$a[Overseas Economic Surveys.]
=852  41$aBritish Library$bHMNTS$jB.S.42.A/1.(a.)
=852  41$aBritish Library$bDSC$jOP-GPA/15341
=852  11$aBritish Library$bDSC$h330.971
=985  \\$aUpgraded by BSS-generated file for WR1910-0531
=CAT  \\$aCONV$b00$c20040502$lBLL01$h0858
=CAT  \\$aBATCH-UPD$b00$c20090209$lBLL01$h2139
=CAT  \\$aBATCH$b00$c20091126$lBLL01$h0240
=CAT  \\$aBATCH$b00$c20091223$lBLL01$h2237
=CAT  \\$aBLSS-CORR$b00$c20110421$lBLL01$h1605
=CAT  \\$a1805-0738$c20180914$lBLL01$h2250
=CAT  \\$a1805-0738$b00$c20180914$lBLL01$h2333
=CAT  \\$aW1910-0531$b00$c20191025$lBLL01$h1807
=CAT  \\$aW1910-0531$b00$c20200313$lBLL01$h1800
=CAT  \\$aW2001-2376$c20200424$lBLL01$h1945
=FIN  \\$aY
=LEO  \\$aMP1.0000465557
=SRC  \\$aBLS01$bbibmp1.200404.2.aa
=LAS  \\$aW2001-2376$b00$c20200424$lBLL01$h1945

