=LDR  01693 am a2200421 a 4500
=001  000461664
=003  Uk
=005  20151027082432.0
=008  880407m19601962enk\\\\\\\\\\\000\d\eng\\
=FMT  \\$a  BK
=019  x\$a0414020111
=040  \\$aUk$cUk$dUk
=041  0\$aeng$hger
=100  1\$aBrecht, Bertolt,$d1898-1956.
=240  10$aPlays.$kSelections
=245  10$aPlays /$c[Bertolt Brecht].
=260  \\$aLondon :$bMethuen,$c1960-1962.
=300  \\$a2 volumes
=336  \\$atext$2rdacontent
=337  \\$aunmediated$2rdamedia
=338  \\$avolume$2rdacarrier
=505  20$g[v. 1.]$tThe Caucasian chalk circle /$rtranslated by J. and T. Stern, with W.H. Auden$tThe threepenny opera /$rtranslated by D.I. Vesey and E. Bentley$tThe trial of Lucullus /$rtranslated by H.R. Hays$tThe life of Galileo /$rtranslated by D.I. Vesey --$tv. 2$tMother Courage and her children /$rtranslated by E. Bentley --$tSt. Joan of the stockyards --$tThe good person of Szechwan.
=852  41$aBritish Library$bHMNTS$j11600.dd.10/1.$3Vol. 1
=852  41$aBritish Library$bHMNTS$m11600.dd.10/2.$3Vol. 2
=CAT  \\$aCONV$b00$c20040502$lBLL01$h0858
=CAT  \\$a9081$b40$c20050628$lBLL01$h1100
=CAT  \\$a9081$b40$c20050628$lBLL01$h1101
=CAT  \\$a9081$b40$c20050628$lBLL01$h1157
=CAT  \\$a9081$b40$c20050628$lBLL01$h1202
=CAT  \\$aUE-01$b00$c20050629$lBLL01$h0448
=CAT  \\$aBATCH$b00$c20091126$lBLL01$h0251
=CAT  \\$a8874$b40$c20151027$lBLL01$h0817
=CAT  \\$a8874$b40$c20151027$lBLL01$h0821
=CAT  \\$a8874$b40$c20151027$lBLL01$h0824
=FIN  \\$aY
=LEO  \\$aMP1.0000488678
=SRC  \\$aBLS01$bbibmp1.200404.2.aa
=LAS  \\$a8874$b40$c20151027$lBLL01$h0824

