=LDR  01634 am a22004333  4500
=001  000493790
=003  Uk
=005  20200501183253.0
=008  880121|1897|||||||\\\\||\\\\\|||\||eng\\
=FMT  \\$a  BK
=019  x\$a0442430213
=040  \\$aUk$cUk
=100  1\$aBrown, James Duff,$d1862-1914.
=245  10$aBritish Musical Biography. A dictionary of musical artists, authors and composers, born in Britain and its colonies.
=264  \1$aBirmingham :$bS. S. Stratton,$c1897.
=300  \\$aii, 462 pages ;$c(8º)
=336  \\$atext$2rdacontent
=337  \\$aunmediated$2rdamedia
=338  \\$avolume$2rdacarrier
=700  1\$aStratton, Stephen S.$q(Stephen Samuel).
=886  2\$2blmarc$a709$b00$aSTRATTON$hStephen Samuel$p10804.k.23.$x3152730179
=852  41$aBritish Library$bHMNTS$j10804.k.23.
=852  41$aBritish Library$bHMNTS$j010803.h.29.$3[Another copy.]
=852  41$aBritish Library$bMUSIC$cREF$kM.R.Ref.$h780.92241
=985  \\$aUpgraded by BSS-generated file for WR1910-0531
=CAT  \\$aCONV$b00$c20040502$lBLL01$h0859
=CAT  \\$a11244$b40$c20070813$lBLL01$h0917
=CAT  \\$aBATCH$b00$c20091126$lBLL01$h0305
=CAT  \\$a12179$b40$c20100322$lBLL01$h1541
=CAT  \\$aBLSS-CORR$b00$c20120203$lBLL01$h1631
=CAT  \\$a1805-0738$c20180914$lBLL01$h2300
=CAT  \\$a1805-0738$b00$c20180914$lBLL01$h2339
=CAT  \\$aBATCH-UPD$b00$c20180915$lBLL01$h0557
=CAT  \\$aW1910-0531$b00$c20200313$lBLL01$h1802
=CAT  \\$aW2001-2376$c20200501$lBLL01$h1832
=FIN  \\$aY
=LEO  \\$aMP1.0000522978
=SRC  \\$aBLS01$bbibmp1.200404.2.aa
=LAS  \\$aW2001-2376$b00$c20200501$lBLL01$h1832

