=LDR  01949 am a22004333  4500
=001  000511960
=003  Uk
=005  20170607084518.0
=008  971125|1784|||||||\\\\||\\\\\|||\||eng\\
=FMT  \\$a  BK
=019  x\$a0460280082
=040  \\$aUk$cUk
=100  1\$aDodington, George Bubb,$cBaron of Melcombe Regis,$d1691-1762.
=245  14$aThe Diary of the late George Bubb Dodington, Baron of Melcombe Regis: from March 8, 1748-9, to February 6, 1761. With an appendix containing some curious and interesting papers, which are either referred to, or alluded to, in the Diary. Now first published from his Lordship's original manuscripts. By Henry Penruddocke Wyndham.
=264  \1$aE. Easton: Salisbury; G. & T. Wilkie: London,$c1784.
=300  \\$axv, 502, iv pages ;$c(8º)
=336  \\$atext$2rdacontent
=337  \\$aunmediated$2rdamedia
=338  \\$avolume$2rdacarrier
=340  \\$m8vo$2rdabf
=700  1\$aWYNDHAM, Henry Penruddocke.
=886  2\$2blmarc$a709$b00$aWYNDHAM$hHenry Penruddocke$p673.c.17.$x3570420175
=852  41$aBritish Library$bHMNTS$j673.c.17.
=852  41$aBritish Library$bHMNTS$jG.14116.$3[Another copy.]
=852  41$aBritish Library$bHMNTS$jRB.23.b.3170.$3[Another copy.] Imperfect; wanting the half-title, titlepage and the appendix.
=852  41$aBritish Library$bHMNTS$qCopy at XXXX. Imperfect: titlepage only.
=985  \\$aCorrected by MS generated file for WR# 1805-0738
=CAT  \\$aCONV$b00$c20040502$lBLL01$h0859
=CAT  \\$aglobal_upd$b40$c20060416$lBLL01$h1426
=CAT  \\$a12179$b40$c20080513$lBLL01$h1332
=CAT  \\$aBATCH$b00$c20091126$lBLL01$h2159
=CAT  \\$aBATCH$b00$c20101223$lBLL01$h1613
=CAT  \\$a6550$b40$c20170607$lBLL01$h0845
=CAT  \\$a1805-0738$c20180914$lBLL01$h2304
=CAT  \\$a1805-0738$b00$c20180914$lBLL01$h2341
=FIN  \\$aY
=LEO  \\$aMP1.0000540968
=SRC  \\$aBLS01$bbibmp1.200404.2.aa
=LAS  \\$a1805-0738$b00$c20180914$lBLL01$h2341

