=LDR  02387 am a2200553   4500
=001  000562582
=003  Uk
=005  20130719150831.0
=008  800219m17871790enkf|||\\\\\\\000\0|eng\c
=FMT  \\$a  BK
=019  x\$a0501920285
=035  \\$a(Uk-ES)006360770
=040  \\$aUk$cUk$edcrmb
=245  04$aThe cabinet of genius$bcontaining frontispieces and characters adapted to the most popular poems, &c. with the poems &c at large.
=264  \1$aLondon :$bprinted for C. Taylor, no. 10 near Castle Street near Holborn,$c1787-[90]
=300  \\$a2 v, plates ;$c22 cm (4º)
=336  \\$atext$2rdacontent
=337  \\$aunmediated$2rdamedia
=338  \\$avolume$2rdacarrier
=340  \\$m4to$2rdabf
=500  \\$aThe titlepages are engraved.
=500  \\$aThe plates bear the dates 1786-90.
=500  \\$aPublished in parts.
=500  \\$aWith a list of contents to each volume, including references to two supplementary numbers.
=500  \\$aVertical chain lines.
=510  4\$aESTC ,$cT90563
=648  \7$a1701-1800$2local
=650  \0$aEnglish poetry$y18th century.
=655  \7$aPoems.$2rbgenr
=720  \\$aCABINET$emain entry
=752  \\$aGreat Britain$bEngland$dLondon.
=886  2\$2blmarc$a709$b00$aTAYLOR$hCharles$fEngraver$p11601.g.20.$x3213240079
=852  41$aBritish Library$bHMNTS$j11631.f.50.
=852  41$aBritish Library$bHMNTS$j11601.g.20.$qCopy at 11601.g.20. Imperfect: wanting the plates.
=852  41$aBritish Library$bHMNTS$qCopy at RB.23.a.24541. Imperfect: both vols. wanting contents pages. Title page damaged affecting text. Bound in no particular order
=852  41$aBritish Library$bHMNTS$jRB.23.a.24541$qCopy at RB.23.a.24541. Imperfect; both vols. wanting contents pages. Title page damaged affecting text. Bound in no particular order
=985  \\$aCorrected by MS generated file for WR# 1805-0738
=CAT  \\$aCONV$b00$c20040502$lBLL01$h0900
=CAT  \\$aBLC-CORR$b00$c20061211$lBLL01$h2104
=CAT  \\$aBATCH$b00$c20091126$lBLL01$h2225
=CAT  \\$aBATCH$b00$c20101223$lBLL01$h1617
=CAT  \\$a2225$b40$c20130719$lBLL01$h1508
=CAT  \\$aW1807-0595$c20180719$lBLL01$h1546
=CAT  \\$a1805-0738$c20180914$lBLL01$h2313
=CAT  \\$a1805-0738$b00$c20180914$lBLL01$h2348
=FIN  \\$aY
=LEO  \\$aMP1.0000591235
=SRC  \\$aBLS01$bbibmp1.200404.2.aa
=LAS  \\$a1805-0738$b00$c20180914$lBLL01$h2348

