=LDR  02052 am a22005293  4500
=001  000604060
=003  Uk
=005  20210127121508.0
=008  880212|1946|||||||\\\\||\\\\\|||\||eng\\
=FMT  \\$a  BK
=019  x\$a0534280021
=040  \\$aUk$cUk
=041  1\$aeng$hfre
=110  2\$aNational Museum of Wales.
=245  12$aA Find of the Early Iron Age from Llyn Cerrig Bach, Anglesey ... By Sir Cyril Fox.
=264  \1$aCardiff,$c1946.
=300  \\$aviii, 98 pages, XXXVIII plates ;$c(4º)
=336  \\$atext$2rdacontent
=337  \\$aunmediated$2rdamedia
=338  \\$avolume$2rdacarrier
=650  \7$aArchaeology$2fast$0(OCoLC)fst00812938
=700  1\$aFox, Cyril,$cSir,$d1882-1967.
=886  2\$2blmarc$a709$b00$aFOX$eSir$hCyril Fred$p7711.c.16.$x1123620067
=883  0\$aFAST headings derived from: A topical index to pressmarks in use in the British Museum Library ... / Robin Alston. (London : R.C. Alston, 1987)$d20201111$qUk
=852  41$aBritish Library$bHMNTS$j7711.c.16.
=852  41$aBritish Library$bDSC$jOP-GPA/15276
=852  41$aBritish Library$bDSC$jWq1/4051
=852  11$aBritish Library$bDSC$hq913.4291
=985  \\$aUpgraded by BSS-generated file for WR1910-0531
=985  \\$aUpgraded by BSS-generated file for WR2012-0338
=CAT  \\$aCONV$b00$c20040502$lBLL01$h0901
=CAT  \\$a5194$b40$c20071019$lBLL01$h1425
=CAT  \\$aBLSS-CORR$b00$c20080625$lBLL01$h1721
=CAT  \\$a5194$b40$c20090107$lBLL01$h1307
=CAT  \\$aBATCH$b00$c20091126$lBLL01$h2245
=CAT  \\$aWR11_211$c20120725$lBLL01$h1716
=CAT  \\$aBLSS-CORR$b00$c20120725$lBLL01$h1741
=CAT  \\$a1805-0738$c20180914$lBLL01$h2320
=CAT  \\$a1805-0738$b00$c20180914$lBLL01$h2353
=CAT  \\$aW1910-0531$b00$c20200313$lBLL01$h1806
=CAT  \\$aW2001-2376$c20200501$lBLL01$h1853
=CAT  \\$aW2012-0338$b00$c20201209$lBLL01$h1905
=CAT  \\$aW2012-0338$c20210127$lBLL01$h1215
=FIN  \\$aY
=LEO  \\$aMP1.0000635575
=SRC  \\$aBLS01$bbibmp1.200404.2.aa
=LAS  \\$aW2012-0338$b00$c20210127$lBLL01$h1215

