=LDR  01478 am a22004333  4500
=001  000604118
=003  Uk
=005  20200501185342.0
=008  880212s1943\\\\wlk\\\\||\\\\\|||\||eng\\
=FMT  \\$a  BK
=019  x\$a0534290191
=040  \\$aUk$cUk
=110  2\$aNational Museum of Wales.
=245  14$aThe Personality of Britain ... By Sir Cyril Fox.
=250  \\$aFourth edition, revised.
=264  \1$aCardiff,$c1943.
=300  \\$a99 pages ;$c(4º)
=336  \\$atext$2rdacontent
=337  \\$aunmediated$2rdamedia
=338  \\$avolume$2rdacarrier
=700  1\$aFox, Cyril,$cSir,$d1882-1967.
=886  2\$2blmarc$a709$b00$aFOX$eSir$hCyril Fred$pAc.1378/19.$x112362013X
=852  41$aBritish Library$bHMNTS$jAc.1378/19.
=852  11$aBritish Library$bDSC$hq913.42
=985  \\$aCorrected by BSS-generated file for WR# 11/211
=985  \\$aCorrected by MS generated file for WR# 1805-0738
=CAT  \\$aCONV$b00$c20040502$lBLL01$h0901
=CAT  \\$a10750$b40$c20050322$lBLL01$h1556
=CAT  \\$a5194$b40$c20071019$lBLL01$h1425
=CAT  \\$a5194$b40$c20090107$lBLL01$h1307
=CAT  \\$aBATCH$b00$c20091126$lBLL01$h2245
=CAT  \\$aBLSS-CORR$b00$c20120224$lBLL01$h1705
=CAT  \\$a1805-0738$c20180914$lBLL01$h2320
=CAT  \\$a1805-0738$b00$c20180914$lBLL01$h2353
=CAT  \\$aW2001-2376$c20200501$lBLL01$h1853
=FIN  \\$aY
=LEO  \\$aMP1.0000635631
=SRC  \\$aBLS01$bbibmp1.200404.2.aa
=LAS  \\$aW2001-2376$b00$c20200501$lBLL01$h1853

