=LDR  02294 am a2200553 a 4500
=001  000639709
=003  Uk
=005  20200501185957.0
=008  950623s1908\\\\enkabe\||\\\\\|||\||eng\\
=FMT  \\$a  BK
=019  x\$a0564490075
=019  u\$aG10556794
=040  \\$aUk$beng$cUk
=042  \\$aukblsr
=100  1\$aCave, Henry W.$q(Henry William),$d1854-1913.
=245  14$aThe book of Ceylon :$bbeing a guide to its railway system and an account of its varied attractions for the visitor and tourist /$cby Henry W. Cave ; illustrated from photographs by the author.
=264  \1$aLondon :$bCassell & Co,$c1908.
=300  \\$a3 pts. (xii, 664 pages) :$billustrations, maps, plans ;$c22 cm. (8º)
=336  \\$atext$2rdacontent
=337  \\$aunmediated$2rdamedia
=338  \\$avolume$2rdacarrier
=505  0\$apt. 1. Colombo, the south-west coast, and the Kelani Valley -- pt. 2. Kandy and the highlands, including Nuwara Eliya, Bandarawela and Badulla -- pt. 3. The northern provinces, including Anurádhápurá, Jaffna, Trincomali, the pearl fishery and Rameseram.
=650  \0$aRailroads$zSri Lanka.
=651  \0$aSri Lanka$zGuidebooks.
=852  41$aBritish Library$bHMNTS$j010057.i.43.
=852  41$aBritish Library$bOC$jT 43117$ipt. 2
=852  41$aBritish Library$bOC$jYD.2012.a.4094
=852  41$aBritish Library$bDSC$jW7/7909
=852  41$aBritish Library$bDSC$jW2/7014
=852  41$aBritish Library$bOC$ipt. 1
=985  \\$aCorrected by MS generated file for WR# 1805-0738
=CAT  \\$aCONV$b00$c20040502$lBLL01$h0902
=CAT  \\$aBATCH$b00$c20091126$lBLL01$h2302
=CAT  \\$aBATCH$b00$c20101223$lBLL01$h1622
=CAT  \\$a4039$b40$c20110207$lBLL01$h1411
=CAT  \\$a4039$b40$c20110207$lBLL01$h1416
=CAT  \\$a4039$b40$c20110207$lBLL01$h1422
=CAT  \\$a4039$b40$c20110207$lBLL01$h1430
=CAT  \\$a6989$b40$c20120613$lBLL01$h1534
=CAT  \\$a8158$b40$c20120615$lBLL01$h0855
=CAT  \\$a1805-0738$c20180921$lBLL01$h1754
=CAT  \\$a1805-0738$b00$c20180921$lBLL01$h1839
=CAT  \\$aW2001-2376$c20200501$lBLL01$h1859
=FIN  \\$aY
=LEO  \\$aMP1.0000672607
=LEO  \\$aMP34.0000122171
=SRC  \\$aBLS01$bbibmp1.200404.2.aa
=SRC  \\$aUCB01$bbibmp34.200404.2.aa
=LAS  \\$aW2001-2376$b00$c20200501$lBLL01$h1859

