=LDR  03050 am a22005293  4500
=001  000664590
=003  Uk
=005  20180921184100.0
=008  880412|1648||||enk\\\\||\\\\||||\|||||\\
=FMT  \\$a  BK
=019  x\$a0590570013
=040  \\$aUk$cUk
=100  0\$aCharles$bI,$cKing of England,$d1600-1649.
=240  10$aDoubtful or Supposititious Works. Eikon Basilike
=245  10$aΕἰκὼν Βασιλικὴ. The Pourtraicture of His Sacred Maiestie in his solitudes and sufferings.
=264  \1$a[London] :$bprinted [by T. Warren for H. Seile],$c1648 [1648/49]
=300  \\$a269 pages ;$c(12º)
=336  \\$atext$2rdacontent
=337  \\$aunmediated$2rdamedia
=338  \\$avolume$2rdacarrier
=340  \\$m12mo$2rdabf
=500  \\$aThe imprint reads "Printed Anno Dom. 1648". Without a frontispiece; portraits of Charles I and Prince Charles have been inserted. Cropped. Madan 4.
=775  0\$t[Εἰκὼν Βασιλικὴ. The Pourtraicture of His Sacred Maiestie in his solitudes and sufferings.]$w(Uk)MP1.0000699572.2$dpp. 269. Printed [by T. Warren for H. Seile: London,] 1648 [1648/49]. 12º.
=775  0\$t[Εἰκὼν Βασιλικὴ. The Pourtraicture of His Sacred Maiestie in his solitudes and sufferings.]$w(Uk)MP1.0000699572.7$dpp. 269. [Printed by T. Newcomb for H. Seile: London,] 1648 [1648/49]. 12º.
=787  0\$t[Εἰκὼν Βασιλικὴ. The Pourtraicture of His Sacred Maiestie in his solitudes and sufferings.]$w(Uk)MP1.0000699572.4
=852  41$aBritish Library$bHMNTS$jC.118.d.13.
=852  41$aBritish Library$bHMNTS$j8122.a.10.$3[Another copy.]***Without leaf A6. Madan 4. Frontispiece Madan 14.
=852  41$aBritish Library$bHMNTS$qCopy at XXXX. Imperfect: wanting the plate.
=985  \\$aCorrected by MS generated file for WR# 11/211
=985  \\$aDisaggregated record: Type B
=985  \\$aCorrected by MS generated file for WR# 1805-0738
=CAT  \\$aCONV$b00$c20040502$lBLL01$h0902
=CAT  \\$c20041119$lBLL01$h1415
=CAT  \\$c20041119$lBLL01$h1424
=CAT  \\$aBATCH$b00$c20091126$lBLL01$h2314
=CAT  \\$aWR11_211$c20140116$lBLL01$h1849
=CAT  \\$aBLSS-CORR$b00$c20140116$lBLL01$h1906
=CAT  \\$aW1804-1393$c20180530$lBLL01$h1656
=CAT  \\$aBATCH-UPD$b00$c20180530$lBLL01$h1709
=CAT  \\$a1805-0738$c20180921$lBLL01$h1758
=CAT  \\$a1805-0738$b00$c20180921$lBLL01$h1841
=FIN  \\$aY
=LEO  \\$aMP1.0000699572
=LKR  \\$aPAR$b000664591$r775$mΕἰκὼν Βασιλικὴ. The Pourtraicture of His Sacred Maiestie in his solitudes and sufferings.$n[Εἰκὼν Βασιλικὴ. The Pourtraicture of His Sacred Maiestie in his solitudes and sufferings.]
=LKR  \\$aPAR$b000664593$r775$mΕἰκὼν Βασιλικὴ. The Pourtraicture of His Sacred Maiestie in his solitudes and sufferings.$n[Εἰκὼν Βασιλικὴ. The Pourtraicture of His Sacred Maiestie in his solitudes and sufferings.]
=SRC  \\$aBLS01$bbibmp1.200404.2.aa
=LAS  \\$a1805-0738$b00$c20180921$lBLL01$h1841

