=LDR  02954cam a22005413  4500
=001  000664593
=003  Uk
=005  20220615164743.0
=008  880412|1648||||enk\\\\||\\\\||||\||eng\\
=FMT  \\$a  BK
=019  x\$a0590570013
=040  \\$aUk$cUk
=100  0\$aCharles$bI,$cKing of England,$d1600-1649.
=240  10$aDoubtful or Supposititious Works. Eikon Basilike
=245  10$a[Εἰκὼν Βασιλικὴ. The Pourtraicture of His Sacred Maiestie in his solitudes and sufferings.]
=264  \1$a[London] :$b[Printed by T. Newcomb for H. Seile],$c1648 [1648/49]
=300  \\$a269 pages ;$c(12º)
=336  \\$atext$2rdacontent
=337  \\$aunmediated$2rdamedia
=338  \\$avolume$2rdacarrier
=340  \\$m12mo$2rdabf
=500  \\$aWithout imprint. The date reads "M,DC.XLVIII". Without a frontispiece. Madan 7.
=787  0\$tΕἰκὼν Βασιλικὴ. The Pourtraicture of His Sacred Maiestie in his solitudes and sufferings.$w(Uk)MP1.0000699572$dpp. 269. Printed [by T. Warren for H. Seile: London,] 1648 [1648/49]. 12º.
=883  0\$aLanguage codes assigned by Bayesian analysis of words present in record$d20201028$qUk$c0.9010
=852  41$aBritish Library$bHMNTS$j8122.a.11.
=852  41$aBritish Library$bHMNTS$jC.118.d.16.$3[Another copy.]***A variant. Sheet H is in a different setting. Without a frontispiece. Madan 7. Binding stamp Madan 24.
=852  41$aBritish Library$bHMNTS$j598.a.32.$3[Another copy.] MS. notes.***A variant. Partially reset throughout. Cropped. Madan 7. Frontispiece Madan 18.
=852  41$aBritish Library$bHMNTS$jC.118.d.17.$3[Another copy.]***A variant. Several sheets are partially reset. Madan 7. Frontispiece Madan 8, first state.
=852  41$aBritish Library$bHMNTS$qCopy at XXXX. Imperfect: wanting frontispiece and final blank leaf. Leaf N3 has lower portion missing, affecting some text.
=852  41$aBritish Library$bHMNTS$jRB.23.a.35407$qCopy at RB.23.a.35407. Imperfect: wanting the right-hand half of the plate. The final leaf mutilated, affecting lower half of leaf. First rear endpaper mutilated.
=985  \\$aDisaggregated record: Type B
=985  \\$aCorrected by MS generated file for WR# 1805-0738
=985  \\$aCorrected by MS generated file for WR# 2206-0922 (250 field removed)
=CAT  \\$aCONV$b00$c20040502$lBLL01$h0902
=CAT  \\$c20041119$lBLL01$h1415
=CAT  \\$c20041119$lBLL01$h1424
=CAT  \\$aBLC-CORR$b00$c20080610$lBLL01$h0858
=CAT  \\$aBATCH$b00$c20091126$lBLL01$h2314
=CAT  \\$aBATCH-UPD$b00$c20150904$lBLL01$h1100
=CAT  \\$aW1804-1393$c20180530$lBLL01$h1656
=CAT  \\$a1805-0738$c20180921$lBLL01$h1758
=CAT  \\$a1805-0738$b00$c20180921$lBLL01$h1841
=CAT  \\$aW2201-1476$b00$c20220128$lBLL01$h1818
=CAT  \\$aW2206-0922$c20220615$lBLL01$h1647
=FIN  \\$aY
=LEO  \\$aMP1.0000699572.7
=SRC  \\$aBLS01$bbibmp1.200404.2.aa
=LAS  \\$aW2206-0922$b00$c20220615$lBLL01$h1647

