=LDR  02990cam a22005173  4500
=001  000664636
=003  Uk
=005  20220615164744.0
=008  880412|1649||||enk\\\\||\\\\||||\||eng\\
=FMT  \\$a  BK
=019  x\$a0590610031
=040  \\$aUk$cUk
=100  0\$aCharles$bI,$cKing of England,$d1600-1649.
=240  10$aDoubtful or Supposititious Works. Eikon Basilike
=245  10$a[Εἰκων Βασιλικη. The Pourtracture of His Sacred Majestie in his solitudes and sufferings. With prayers used in the time of his restraint. Also his Majesties reasons against the pretended jurisdiction of the High Court of Justice ... Hereunto is anexed A Letter from the Prince of Wales. [With "An Epitaph upon King Charls", and Relations of the King's speeches to Lady Elisabeth and the Duke of Gloucester.]]
=264  \1$a[London] :$bReprinted [by W. Bentley] for John Williams,$c1649.
=300  \\$a175 pages ;$c(24º)
=336  \\$atext$2rdacontent
=337  \\$aunmediated$2rdamedia
=338  \\$avolume$2rdacarrier
=340  \\$m24mo$2rdabf
=500  \\$aThe imprint reads "Reprinted in Regis Memoriam for John Williams. 1649". Madan 35. Frontispiece Madan 22, second state. Explanation Madan 1. Portrait Madan 6.
=787  0\$tΕἰκων Βασιλικη. The Pourtracture of His Sacred Majestie in his solitudes and sufferings. With prayers used in the time of his restraint. Also his Majesties reasons against the pretended jurisdiction of the High Court of Justice ... Hereunto is anexed A Letter from the Prince of Wales. [With "An Epitaph upon King Charls", and Relations of the King's speeches to Lady Elisabeth and the Duke of Gloucester.]$w(Uk)MP1.0000699592$dpp. 175. Reprinted [by W. Bentley] for John Williams: [London,] 1649. 24º.
=883  0\$aLanguage codes assigned by Bayesian analysis of words present in record$d20200826$qUk$c0.9919
=852  41$aBritish Library$bHMNTS$j808.a.16.(1.)
=852  41$aBritish Library$bHMNTS$qCopy at XXXX. Imperfect: wanting the plate
=985  \\$aCorrected by MS generated file for WR# 1805-0738
=985  \\$aDisaggregated record: Type B
=985  \\$aUpgraded by BSS-generated file for WR2009-0365
=985  \\$aCorrected by MS generated file for WR# 2206-0922 (250 field removed)
=CAT  \\$aCONV$b00$c20040502$lBLL01$h0902
=CAT  \\$c20041119$lBLL01$h1415
=CAT  \\$c20041119$lBLL01$h1424
=CAT  \\$aglobal_upd$b40$c20060416$lBLL01$h1503
=CAT  \\$aBLC-CORR$b00$c20080610$lBLL01$h0858
=CAT  \\$aBATCH$b00$c20091126$lBLL01$h2314
=CAT  \\$aW1804-1393$c20180530$lBLL01$h1656
=CAT  \\$aBATCH-UPD$b00$c20180530$lBLL01$h1709
=CAT  \\$a1805-0738$c20180921$lBLL01$h1758
=CAT  \\$a1805-0738$b00$c20180921$lBLL01$h1841
=CAT  \\$aW2009-0365$b00$c20201002$lBLL01$h1811
=CAT  \\$aW2206-0922$c20220615$lBLL01$h1647
=FIN  \\$aY
=LEO  \\$aMP1.0000699592.4
=SRC  \\$aBLS01$bbibmp1.200404.2.aa
=LAS  \\$aW2206-0922$b00$c20220615$lBLL01$h1647

