=LDR  03135 am a22005293  4500
=001  000664652
=003  Uk
=005  20201002181140.0
=008  880412|1706||||ie\\\\\||\\\\||||\||eng\\
=FMT  \\$a  BK
=019  x\$a0590630008
=040  \\$aUk$cUk
=100  0\$aCharles$bI,$cKing of England,$d1600-1649.
=240  10$aDoubtful or Supposititious Works. Eikon Basilike
=245  10$aΕἰκων Βασιλικη. The Pourtraicture of His Sacred Majesty King Charles I. in his solitudes and sufferings: together with a Character of the Royal Martyr. Dedicated to His Grace the Duke of Ormonde ... The fiftieth edition. [With "A Perfect Copy of Private Prayers us'd by His Majesty in the time of his Sufferings", "A Copy of a Letter which was sent from the Prince to the King", Relations of the King's speeches to the Lady Elizabeth and the Duke of Gloucester, two Epitaphs upon King Charles and a poem "Majesty in Misery".]
=264  \1$aDublin :$bReprinted for Edward Lloyd,$c1706.
=300  \\$a188 pages ;$c(8º)
=336  \\$atext$2rdacontent
=337  \\$aunmediated$2rdamedia
=338  \\$avolume$2rdacarrier
=340  \\$m8vo$2rdabf
=500  \\$aMadan 69. Frontispiece Madan 48. Explanation Madan 1, English version only, and Explanation Madan 3. Portrait Madan 16. In a contemporary Irish 'sombre' binding of blind-tooled black calf.
=883  0\$aLanguage codes assigned by Bayesian analysis of words present in record$d20200826$qUk$c0.9919
=852  41$aBritish Library$bHMNTS$jC.118.d.100.
=852  41$aBritish Library$bHMNTS$jC.118.d.102.$3[Another copy.]***In a contemporary Irish 'sombre' binding.
=852  41$aBritish Library$bHMNTS$jC.118.d.103.$3[Another copy.]***In a contemporary Irish 'sombre' binding.
=852  41$aBritish Library$bHMNTS$jC.118.d.104.$3[Another copy.]***In a contemporary Irish 'sombre' binding.
=852  41$aBritish Library$bHMNTS$jC.118.d.101.$3[Another copy.]***Without a portrait. In a contemporary Irish 'sombre' binding.
=852  41$aBritish Library$bHMNTS$j8122.a.6.$3[Another copy.]***With a leaf "A List of the Gentlemen that subscribed as an Encouragement for re-printing this Book", inserted. Without a frontispiece or a portrait. Madan 69, variant.
=852  41$aBritish Library$bHMNTS$qCopy at XXXXX. Imperfect: wanting the frontispiece.
=985  \\$aCorrected by BSS-generated file for WR# 11/211
=985  \\$aCorrected by MS generated file for WR# 1805-0738
=985  \\$aUpgraded by BSS-generated file for WR2009-0365
=CAT  \\$aCONV$b00$c20040502$lBLL01$h0902
=CAT  \\$c20041119$lBLL01$h1415
=CAT  \\$c20041119$lBLL01$h1424
=CAT  \\$aglobal_upd$b40$c20060416$lBLL01$h1503
=CAT  \\$aBATCH$b00$c20091126$lBLL01$h2314
=CAT  \\$aBLSS-CORR$b00$c20111222$lBLL01$h1527
=CAT  \\$aW1804-1393$c20180602$lBLL01$h0639
=CAT  \\$a1805-0738$c20180921$lBLL01$h1758
=CAT  \\$a1805-0738$b00$c20180921$lBLL01$h1841
=CAT  \\$aW2009-0365$b00$c20201002$lBLL01$h1811
=FIN  \\$aY
=LEO  \\$aMP1.0000699602
=SRC  \\$aBLS01$bbibmp1.200404.2.aa
=LAS  \\$aW2009-0365$b00$c20201002$lBLL01$h1811

