=LDR  02358aam a2200493 i 4500
=001  000681499
=003  Uk
=005  20200227133300.0
=008  880301s1839\\\\fr\af\\\\\\\\|0|0\0|fre\\
=FMT  \\$a  BK
=019  x\$a0603820190
=040  \\$aUk$beng$cUk$erda$edcrmb
=042  \\$aukblsr
=082  04$a701.85$223
=100  1\$aChevreul, M. E.$q(Michel Eugène),$d1786-1889,$eauthor.
=245  10$aDe la loi du contraste simultané des couleurs et de l'assortiment des objets colorés, considéré d'après cette loi dans ses rapports avec la peinture, les tapisseries des Gobelins, les tapisseries de Beauvais pour meubles, les tapis, la mosaïque, les vitraux colorés, l'impression des étoffes, l'imprimerie, l'enluminure, la décoration des édifices, l'habillement et l'horticulture /$cpar M.E. Chevreul.
=264  \1$aParis :$bPitois-Levrault et Cie., libraires, rue de la Harpe, 81,$c1839.
=264  \3$a[Paris] :$bimprimerie d'Hippolyte Tilliard, rue Saint-Hyacinthe-Saint-Michel, 30.
=300  \\$a4 pages, 9 unnumbered leaves, 40 leaves of plates (some folded) :$bchiefly illustrations (black and white, and colour) ;$c30 cm (4to)
=336  \\$atext$2rdacontent
=336  \\$astill image$2rdacontent
=337  \\$aunmediated$2rdamedia
=338  \\$avolume$2rdacarrier
=500  \\$a"Atlas."
=500  \\$aThe 9 leaves are each printed on paper of a different colour.
=500  \\$aPrinter's name from page 2 [i.e. page 4].
=650  \0$aColor in art.
=710  1\$aGreat Britain.$bPatent Office.$bLibrary,$eformer owner.$5Uk
=852  41$aBritish Library$bHMNTS$j786.l.35.
=852  41$aBritish Library$bHMNTS$qCopy at RB.31.b.442. Imperfect: damage to spine; plate 31 missing.
=985  \\$aCorrected by MS generated file for WR# 1805-0738
=CAT  \\$aCONV$b00$c20040502$lBLL01$h0903
=CAT  \\$aglobal_upd$b40$c20060416$lBLL01$h1508
=CAT  \\$aBATCH$b00$c20091126$lBLL01$h2322
=CAT  \\$aWR11_211$c20150113$lBLL01$h1746
=CAT  \\$aBLSS-CORR$b00$c20150113$lBLL01$h1757
=CAT  \\$a1805-0738$c20180921$lBLL01$h1801
=CAT  \\$a1805-0738$b00$c20180921$lBLL01$h1843
=CAT  \\$a11069$b40$c20190328$lBLL01$h1438
=CAT  \\$a11405$b40$c20200227$lBLL01$h1333
=FIN  \\$aY
=LEO  \\$aMP1.0000717099
=SRC  \\$aBLS01$bbibmp1.200404.2.aa
=LAS  \\$a11405$b40$c20200227$lBLL01$h1333

