=LDR  02821 am a2200565   4500
=001  000732535
=003  Uk
=005  20150721130701.0
=008  790217s1785\\\\enk||||\\\\\\\000\0|eng\c
=FMT  \\$a  BK
=019  x\$a0650420160
=035  \\$a(Uk-ES)006214159
=040  \\$aUk-ES$cUk-ES$dCU-RivES$dCStRLIN$edcrmb
=100  1\$aDundonald, Archibald Cochrane,$cEarl of,$d1749?-1831.
=245  14$aThe present state of the manufacture of salt explained; and a new mode suggested of refining British salt, so as to render it equal, or superior to the finest foreign salt.$bTo which is subjoined, a plan for abolishing the present duties and restrictions on the manufacture of salt, and for substituting other duties, less burthensome to the subjects, more beneficial to the revenue, and better qualified to promote the trade of Great Britain.$cBy the Earl of Dundonald.
=264  \1$aLondon :$bprinted by W. and A. Strahan: for T. Cadell, in the Strand; J. Stockdale, in Piccadilly; G. and T. Wilkie, No. 71, St. Paul's Church-Yard; and W. Richardson, Royal Exchange,$cMDCCLXXXV [1785]
=300  \\$a[4], 84 pages ;$c22 cm (8º)
=336  \\$atext$2rdacontent
=337  \\$aunmediated$2rdamedia
=338  \\$avolume$2rdacarrier
=340  \\$m8vo$2rdabf
=500  \\$aWith an initial advertisement leaf.
=500  \\$aPrice in square brackets: (Price Two Shillings.)
=500  \\$aSignatures: A² B-L⁴ M².
=510  4\$aESTC,$cT14135
=648  \7$a1701-1800$2local
=650  \0$aSalt industry and trade$zGreat Britain$vEarly works to 1800.
=655  \7$aTechnical formularies.$2rbgenr
=752  \\$aGreat Britain$bEngland$dLondon.
=852  41$aBritish Library$bHMNTS$jB.523.(6.)
=852  41$aBritish Library$bHMNTS$j1651/1292.$3[Another copy.] The present state of the manufacture of salt, etc. 1785.***Imperfect; wanting sig. A2, an advertisement leaf.
=852  41$aBritish Library$bHMNTS$qCopy at XXXX. Imperfect: wanting the initial advertisement leaf.
=985  \\$aCorrected by BSS-generated file for WR# 11/211
=985  \\$aEnhanced by MS generated file for WR# 12/139
=985  \\$aCorrected by MS generated file for WR# 1805-0738
=CAT  \\$aCONV$b00$c20040502$lBLL01$h0904
=CAT  \\$c20050704$lBLL01$h2250
=CAT  \\$c20050704$lBLL01$h2309
=CAT  \\$a4039$b40$c20051207$lBLL01$h1244
=CAT  \\$aBATCH$b00$c20091126$lBLL01$h2347
=CAT  \\$aBATCH$b00$c20101223$lBLL01$h1628
=CAT  \\$aBLSS-CORR$b00$c20111222$lBLL01$h1528
=CAT  \\$aWR12.139$b00$c20130715$lBLL01$h1851
=CAT  \\$a2225$b40$c20150721$lBLL01$h1307
=CAT  \\$a1805-0738$c20180921$lBLL01$h1809
=CAT  \\$a1805-0738$b00$c20180921$lBLL01$h1850
=FIN  \\$aY
=LEO  \\$aMP1.0000770480
=SRC  \\$aBLS01$bbibmp1.200404.2.aa
=LAS  \\$a1805-0738$b00$c20180921$lBLL01$h1850

