=LDR  03337 am a22005653  4500
=001  000783026
=003  Uk
=005  20201002181532.0
=008  880314|1706||||enk\\\\||\\\\||||\||eng\\
=FMT  \\$a  BK
=019  x\$a0694170100
=040  \\$aUk$cUk
=245  15$a[The copy of a letter, written by a Master of Art of Cambridge.] Secret memoirs of Robert Dudley, Earl of Leicester, Prime Minister and favourite of Queen Elizabeth ... Written during his life, and now published from an old manuscript never printed. To which is added a preface by Dr Drake.
=264  \1$aLondon :$bSam. Briscoe,$c1706.
=300  \\$a118 [218] pages ;$c(8º)
=336  \\$atext$2rdacontent
=337  \\$aunmediated$2rdamedia
=338  \\$avolume$2rdacarrier
=340  \\$m8vo$2rdabf
=700  1\$aBliss, Philip,$d1787-1857.
=700  1\$aDRAKE, James,$cM.D.
=775  0\$t[[The copy of a letter, written by a Master of Art of Cambridge.] Secret memoirs of Robert Dudley, Earl of Leicester, Prime Minister and favourite of Queen Elizabeth ... Written during his life, and now published from an old manuscript never printed. To which is added a preface by Dr Drake.]$w(Uk)MP1.0000829057.3$dLondon: Sam. Briscoe, 1706. pp. 118 [218]. 8º.
=886  2\$2blmarc$a709$b00$aBLISS$hPhilip$pC.45.d.24.$x0343770253
=886  2\$2blmarc$a709$b00$aDRAKE$hJames$fM.D.$p614.g.7.$x0865220212
=883  0\$aLanguage codes assigned by Bayesian analysis of words present in record$d20200826$qUk$c0.9919
=852  41$aBritish Library$bHMNTS$j614.g.7.
=852  41$aBritish Library$bHMNTS$jC.45.d.24.
=852  41$aBritish Library$bHMNTS$jG.14709.
=852  41$aBritish Library$bHMNTS$jRB.23.a.25384
=852  41$aBritish Library$bHMNTS$lHarl. 5986(162)$qCopy at Harl. 5986(162). Imperfect: title page only.,
=985  \\$aCorrected by BSS-generated file
=985  \\$aCorrected by MS generated file for WR# 11/211
=985  \\$aCorrected by MS generated file for WR# 1805-0738
=985  \\$aUpgraded by BSS-generated file for WR2009-0365
=CAT  \\$aCONV$b00$c20040502$lBLL01$h0905
=CAT  \\$aBLSS-CORR$b00$c20080627$lBLL01$h1541
=CAT  \\$a12179$b40$c20090922$lBLL01$h1514
=CAT  \\$aBATCH$b00$c20091127$lBLL01$h0012
=CAT  \\$aWR11_211$c20130219$lBLL01$h1751
=CAT  \\$aBLSS-CORR$b00$c20130219$lBLL01$h1756
=CAT  \\$a2225$b40$c20131029$lBLL01$h1221
=CAT  \\$aW1807-1331$c20180720$lBLL01$h1702
=CAT  \\$a1805-0738$c20180921$lBLL01$h1816
=CAT  \\$a1805-0738$b00$c20180921$lBLL01$h1856
=CAT  \\$aW2009-0365$b00$c20201002$lBLL01$h1815
=FIN  \\$aY
=LEO  \\$aMP1.0000829057
=LKR  \\$aPAR$b000783027$lBLL01$r775$m[The copy of a letter, written by a Master of Art of Cambridge.] Secret memoirs of Robert Dudley, Earl of Leicester, Prime Minister and favourite of Queen Elizabeth ... Written during his life, and now published from an old manuscript never printed. To which is added a preface by Dr Drake.$n[[The copy of a letter, written by a Master of Art of Cambridge.] Secret memoirs of Robert Dudley, Earl of Leicester, Prime Minister and favourite of Queen Elizabeth ... Written during his life, and now published from an old manuscript never printed. To which is added a preface by Dr Drake.]
=SRC  \\$aBLS01$bbibmp1.200404.2.aa
=LAS  \\$aW2009-0365$b00$c20201002$lBLL01$h1815

