=LDR  03643 am a2200805 a 4500
=001  000784024
=003  Uk
=005  20140806134509.0
=008  880314m19201931enkab\\\\\\\\\001\0\eng\\
=FMT  \\$a  BK
=019  x\$a0694580287
=019  o\$aB05120533
=040  \\$aUk$cUk$dUk
=100  1\$aCorbett, Julian Stafford,$cSir,$d1854-1922.
=245  10$aNaval operations /$cby Sir Julian S. Corbett.
=260  \\$aLondon :$bLongmans & Co.,$c1920-1931.
=300  \\$a5 volumes in 9 :$bill., maps ;$c22-25 cm.
=336  \\$atext$2rdacontent
=337  \\$aunmediated$2rdamedia
=338  \\$avolume$2rdacarrier
=490  0\$aHistory of the Great War based on official documents.
=500  \\$aMaps accompanying each volume.
=500  \\$aVols. 4 and 5 are by Henry Newbolt.
=505  0\$av. 1. To the Battle of the Falklands, December 1914 -- v. 2. From the Battle of the Falklands to the entry of Italy into the war in May 1915 -- v. 3. The Dardanelles campaign -- v. 4. June 1916 to April 1917 -- v. 5. From April to the end of the war.
=500  \\$aBy direction of the Historical Section of the Committee of Imperial Defence.
=650  \0$aWorld War, 1914-1918$xNaval operations, British.
=700  1\$aNewbolt, Henry John,$cSir,$d1862-1938.
=710  1\$aGreat Britain.$bCommittee of Imperial Defence.
=852  41$aBritish Library$bHMNTS$jB.S.68/86.
=852  11$aBritish Library$bDSC$h940.45 *502*$ivol. 2$3Text and maps
=852  11$aBritish Library$bDSC$h940.45 *503*$ivol. 3$3Text and maps
=852  11$aBritish Library$bDSC$h940.45 *504*$ivol. 4$3Text and maps
=852  41$aBritish Library$bDSC$jW3/0212$ivol. 5$3Text
=852  41$aBritish Library$bDSC$jW3/0216$ivol. 5$3Maps
=852  41$aBritish Library$bDSC$jW3/0214$ivol. 4$3Maps
=852  41$aBritish Library$bDSC$jW53/8354$ivol. 4$3Text
=852  41$aBritish Library$bDSC$jB.346.a.7$ivol. 4$3Text
=852  41$aBritish Library$bDSC$jW48/9672$ivol. 4$3Text
=852  41$aBritish Library$bDSC$jW3/0210$ivol. 3$3Text
=852  11$aBritish Library$bDSC$h940.45 *505*$ivol. 5$3Text and maps
=852  41$aBritish Library$bDSC$jW3/0215$ivol. 1$3Maps
=852  11$aBritish Library$bDSC$h940.45 *501*$ivol. 1$3Text and maps
=852  41$aBritish Library$bDSC$jB.346.a.3$ivol. 1$3Text
=852  41$aBritish Library$bDSC$jB.346.a.4$ivol. 1$3Maps
=852  41$aBritish Library$bDSC$jB.346.a.5$ivol.2
=852  41$aBritish Library$bDSC$jB.346.a.6$ivol.3
=852  41$aBritish Library$bDSC$jB.346.a.8$ivol. 4$x.$3Maps
=852  41$aBritish Library$bDSC$jB.346.a.9$ivol.5$3Text
=852  41$aBritish Library$bDSC$jB.346.a.10$ivol. 5$3Maps
=852  41$aBritish Library$bDSC$jW75/2460$ivol.3
=852  41$aBritish Library$bDSC$jW3/0208$ivol. 1$3Text
=852  41$aBritish Library$bDSC$jW3/0209$ivol.2
=852  41$aBritish Library$bDSC$jW3/0211$ivol. 4$3Text
=852  41$aBritish Library$bDSC$jW3/0213$ivol. 3$3Maps
=CAT  \\$aCONV$b00$c20040502$lBLL01$h0905
=CAT  \\$aBATCH-UPD$b00$c20070620$lBLL01$h1218
=CAT  \\$aBATCH$b00$c20091127$lBLL01$h0012
=CAT  \\$aBATCH$b00$c20091223$lBLL01$h2319
=CAT  \\$a9572$b40$c20110919$lBLL01$h1346
=CAT  \\$aWR11_211$c20120420$lBLL01$h1733
=CAT  \\$aBLSS-CORR$b00$c20120420$lBLL01$h1755
=CAT  \\$a6537$b40$c20130321$lBLL01$h1146
=CAT  \\$a6537$b40$c20130321$lBLL01$h1208
=CAT  \\$a6537$b40$c20130321$lBLL01$h1210
=CAT  \\$a8874$b40$c20140806$lBLL01$h1345
=FIN  \\$aY
=LEO  \\$aMP1.0000830085
=SRC  \\$aDSC Official Publications$bopgb.mrc
=SRC  \\$aBLS01$bbibmp1.200404.2.aa
=LAS  \\$a8874$b40$c20140806$lBLL01$h1345

