=LDR  01350cam a22003973  4500
=001  001077059
=003  Uk
=005  20220128183520.0
=008  980806|1972|||||||\\\\||\\\\||||\||eng\\
=FMT  \\$a  BK
=019  x\$a0951870076
=020  \\$a0105454729
=040  \\$aUk$cUk
=110  1\$aEngland.
=240  10$aLaws and Statutes. VIII. Chronological Series. Elizabeth II. [1952- .]
=245  10$a[1972. c. 54.] British Library Act 1972. Chapter 54, etc.
=260  \\$aLondon,$c[1972]
=300  \\$a9 p. ;$c25 cm.
=336  \\$atext$2rdacontent
=337  \\$aunmediated$2rdamedia
=338  \\$avolume$2rdacarrier
=883  0\$aLanguage codes assigned by Bayesian analysis of words present in record$d20201028$qUk$c0.9010
=852  41$aBritish Library$bHMNTS$j2719.e.3414.
=852  11$aBritish Library$bDSC$cQ$h027.541
=852  41$aBritish Library$bDSC$jOP-PGA/54 1972
=958  \\$a2035.a.$c2719.e.3414.
=985  \\$aCorrected by BSS-generated file for WR# 10/172
=CAT  \\$aCONV$b00$c20040502$lBLL01$h0913
=CAT  \\$c20041104$lBLL01$h1739
=CAT  \\$aBATCH$b00$c20091128$lBLL01$h1832
=CAT  \\$aBLSS-CORR$b00$c20101210$lBLL01$h1623
=CAT  \\$aW2201-1476$b00$c20220128$lBLL01$h1835
=FIN  \\$aY
=LEO  \\$aMP1.0001135439
=SRC  \\$aBLS01$bbibmp1.200404.2.ab
=LAS  \\$aW2201-1476$b00$c20220128$lBLL01$h1835

