=LDR  01150 aa a22003493  4500
=001  001100127
=003  Uk
=005  20091128184100.0
=008  880718||||||||||||\\\\||\\\\o|||\|||||\\
=FMT  \\$a  BK
=019  x\$a0971450064
=040  \\$aUk$cUk
=110  1\$aGreat Britain.$bBoard of Trade.
=245  10$aWorking Party Reports.$pCotton. pp. vi. 278. 1946.
=336  \\$atext$2rdacontent
=337  \\$aunmediated$2rdamedia
=338  \\$avolume$2rdacarrier
=580  \\$aPart of: Working Party Reports.
=787  0\$w(Uk)MP1.0001156163
=852  41$aBritish Library$bHMNTS$jB.S.41/171.
=852  41$aBritish Library$bDSC$jOP-GPA/8249$iCotton
=852  11$aBritish Library$bDSC$h338.1$iCotton
=852  41$aBritish Library$bDSC$jp420$iCotton
=985  \\$aDisaggregated record: Type C
=CAT  \\$aCONV$b00$c20040502$lBLL01$h0914
=CAT  \\$a5194$b40$c20070627$lBLL01$h0824
=CAT  \\$aBATCH$b00$c20091128$lBLL01$h1841
=FIN  \\$aY
=LEO  \\$aMP1.0001156163.0.2
=LKR  \\$aPAR$b001100117$r787$mWorking Party Reports.$nWorking Party Reports.
=SRC  \\$aBLS01$bbibmp1.200404.2.ab
=LAS  \\$aBATCH$b00$c20091128$lBLL01$h1841

