=LDR  01271 am a22003973  4500
=001  002235823
=003  Uk
=005  20150820122002.0
=008  890405s1940\\\\enk\\\\||\\\\\|||\||eng\\
=FMT  \\$a  BK
=019  x\$a1982440082
=040  \\$aUk$cUk
=100  1\$aWard-Perkins, J. B.$q(John Bryan),$d1912-1981.
=245  10$aMedieval catalogue. [By John B. W. Perkins and others.]
=260  \\$c1940.
=300  \\$app. 319. pl. XCVI.
=336  \\$atext$2rdacontent
=337  \\$aunmediated$2rdamedia
=338  \\$avolume$2rdacarrier
=490  0\$aLondon Museum catalogues ;$vno. 7
=710  2\$aLondon Museum.
=852  41$aBritish Library$bHMNTS$j010349.u.33/7.
=852  11$aBritish Library$bDSC$h913.421
=852  41$aBritish Library$bDSC$jW17/0323
=852  41$aBritish Library$bDSC$jL70/2935
=852  41$aBritish Library$bDSC$jOP-GPA/8684
=CAT  \\$aCONV$b00$c20040502$lBLL01$h0938
=CAT  \\$a5194$b40$c20051222$lBLL01$h1026
=CAT  \\$a5194$b40$c20080414$lBLL01$h1014
=CAT  \\$aBATCH$b00$c20091129$lBLL01$h0309
=CAT  \\$a8874$b40$c20150820$lBLL01$h1200
=CAT  \\$a8874$b40$c20150820$lBLL01$h1220
=FIN  \\$aY
=LEO  \\$aMP1.0002370261.0.8
=SRC  \\$aBLS01$bbibmp1.200404.2.ac
=LAS  \\$a8874$b40$c20150820$lBLL01$h1220

