=LDR  01964 am a2200421 i 4500
=001  002357208
=003  Uk
=005  20140210174938.0
=008  890503s1892\\\\er\\\\\|a\\\\\|\|\|\rus\d
=FMT  \\$a  BK
=019  x\$a2091410276
=040  \\$aUk$beng$cUk$erda
=042  \\$aukblsr
=100  1\$aMalʹmberg, Vladimīr Konstantinovich,$d1860-1921$eauthor.
=245  10$aМетопы древне-греческихъ храмовъ. Изслѣдованіе въ области декоративной скульптуры ... Съ четырмя таблицами рисунковъ..
=246  3\$aMetopy drevne-grecheskikh khramov:$bizsli︠e︡dovanie vʺ oblasti dekorativnoĭ skulʹptury Vladimira Malʹmberga : [microfilm]
=246  3\$aMetopy drevne-grecheskikh khramov:$bissledovanie v oblasti dekorativnoĭ skulʹptury Vladimira Malʹmberga : [microfilm]
=264  \1$aДерптъ:$bПечатня К. Матисена,$c1892.
=300  \\$axvi. 197 pages :$billustrations ;$c24 cm
=336  \\$atext$2rdacontent
=337  \\$aunmediated$2rdamedia
=337  \\$amicroform$2rdamedia
=338  \\$avolume$2rdacarrier
=338  \\$amicrofilm reel$2rdacarrier
=650  \0$aSculpture, Greek
=650  \0$aMetopes
=650  \0$aArchitecture, Greek
=852  41$aBritish Library$bHMNTS$j1600/1267.
=852  41$aBritish Library$bHMNTS$j7875.de.34.$3[Another copy.] Метопы древне-греческихъ храмовъ. Изслѣдованіе въ области декоративной скульптуры, etc. pp. xvi. 197. Дерптъ, 1892. 8º.
=852  41$aBritish Library$bHMNTS$mMic.A.20262
=CAT  \\$aCONV$b00$c20040502$lBLL01$h0941
=CAT  \\$aglobal_upd$b40$c20060416$lBLL01$h1350
=CAT  \\$aBATCH$b00$c20091129$lBLL01$h0356
=CAT  \\$a11853$b40$c20140210$lBLL01$h1749
=FIN  \\$aY
=LEO  \\$aMP1.0002498239
=SRC  \\$aBLS01$bbibmp1.200404.2.ac
=LAS  \\$a11853$b40$c20140210$lBLL01$h1749

