=LDR  02284cam a2200613 i 4500
=001  020039764
=003  Uk
=005  20230207093802.0
=008  201214m20209999enka\\\\\\\\\|000\0\eng\\
=FMT  \\$a  BK
=015  \\$aGBC1H5660$2bnb
=016  7\$a020039764$2Uk
=020  \\$a9798654326119$qv. 1$qpaperback
=020  \\$a9798698812371$qv. 2$qpaperback
=020  \\$a9798731902557$qv. 3$qpaperback
=020  \\$a9798494043146$qv. 4$qpaperback
=035  \\$a(UkCU)991006804259703606
=035  \\$a(Uk)020039764
=035  \\$a(StEdALDL)1/3998827
=040  \\$aUk$beng$cUk$dUkCU$dUk$erda
=042  \\$aukscp
=082  04$a942.31$223
=100  1\$aDyson, Lyn,$ecompiler,$eauthor.
=245  10$aLife in lockdown :$bWest Lavington 2020 /$cLyn Dyson.
=250  \\$aB&W edition.
=264  \1$aLondon :$bLyn Dyson,$c[2020]-
=300  \\$avolumes :$billustrations (black and white) ;$c28 cm
=336  \\$atext$2rdacontent
=337  \\$aunmediated$2rdamedia
=338  \\$avolume$2rdacarrier
=600  10$aDyson, Lyn$vDiaries.
=650  \0$aCOVID-19 Pandemic, 2020-$zEngland$zWest Lavington (Wiltshire)$vPersonal narratives.
=651  \0$aWest Lavington (Wiltshire, England)$xSocial life and customs$y21st century.
=852  41$aBritish Library$bHMNTS$jYKL.2022.b.1067$ivol. 1
=852  41$aBritish Library$bHMNTS$jYKL.2022.b.1876$ivol. 2
=852  41$aBritish Library$bHMNTS$jYKL.2022.b.1778$ivol. 3
=852  41$aBritish Library$bHMNTS$kYKL.2022.b.3414$ivol. 4
=985  \\$aColour editions held at record no. 20039760
=985  \\$aLDL record matched & merged
=CAT  \\$a6923$b40$c20201214$lBLL01$h1141
=CAT  \\$aBATCH-016$c20201216$lBLL01$h2151
=CAT  \\$aBATCH-LDLE$b00$c20211025$lBLL01$h2114
=CAT  \\$c20211025$lBLL01$h2114
=CAT  \\$aBATCH-LDLL$b00$c20211025$lBLL01$h2114
=CAT  \\$aBATCH-LDL4$b00$c20211025$lBLL01$h2114
=CAT  \\$aBATCH-UPD$b00$c20211025$lBLL01$h2115
=CAT  \\$a6989$b40$c20220207$lBLL01$h1148
=CAT  \\$a6989$b40$c20220301$lBLL01$h1645
=CAT  \\$a6989$b40$c20220301$lBLL01$h1657
=CAT  \\$a11009$b40$c20220302$lBLL01$h1053
=CAT  \\$a6989$b40$c20230206$lBLL01$h1757
=CAT  \\$a6989$b40$c20230207$lBLL01$h0938
=FIN  \\$aY$d20220207
=LAS  \\$a6989$b40$c20230207$lBLL01$h0938

