=LDR  03198cam a2200589 i 4500
=001  020047269
=003  Uk
=005  20230125123103.0
=008  200806t20202020enkab\\\\b\\\\001\0\eng\d
=FMT  \\$a  BK
=015  \\$aGBC0K1245$2bnb
=016  7\$a020047269$2Uk
=020  \\$a9781108472388$qhardback
=020  \\$a1108472389$qhardback
=035  \\$a(OCoLC)1181994482
=040  \\$aStDuBDS$beng$cStDuBDS$dUk$erda
=042  \\$aukblcatcopy
=050  \4$aGA791$b.R66 2020
=082  04$a526$223
=245  00$aRomantic cartographies :$bmapping, literature, culture, 1789-1832 /$cedited by Sally Bushell (Lancaster University), Julia S. Carlson (University of Cincinnati), Damian Walford Davies (Cardiff University).
=264  \1$aCambridge, United Kingdom ;$aNew York, NY :$bCambridge University Press,$c2020.
=264  \4$c©2020
=300  \\$axix, 330 pages :$billustrations (black and white), maps (black and white) ;$c24 cm
=336  \\$atext$2rdacontent
=336  \\$astill image$2rdacontent
=336  \\$acartographic image$2rdacontent
=337  \\$aunmediated$2rdamedia
=338  \\$avolume$2rdacarrier
=504  \\$aIncludes bibliographical references (pages 292-315) and index.
=520  8\$aRomantic Cartographies is the first collection to explore the reach and significance of cartographic practice in Romantic-period culture. Revealing the diverse ways in which the period sought to map and spatialise itself, the volume also considers the engagement of our own digital cultures with Romanticism's 'map-mindedness'. Original, exploratory essays engage with a wide range of cartographic projects, objects and experiences in Britain, and globally. Subjects range from Wordsworth, Clare and Walter Scott, to Romantic board games and geographical primers, to reveal the pervasiveness of the cartographic imagination in private and public spheres. Bringing together literary analysis, creative practice, geography, cartography, history, politics and contemporary technologies - just as the cartographic enterprise did in the Romantic period itself - Romantic Cartographies enriches our understanding of what it means to 'map' literature and culture.
=500  \\$aFormerly CIP.$5Uk
=650  \0$aCartography in literature.
=650  \0$aCartography$xHistory$y18th century.
=650  \0$aCartography$xHistory$y19th century.
=650  \0$aRomanticism.
=650  \7$aCartography.$2fast$0(OCoLC)fst00848025
=650  \7$aCartography in literature.$2fast$0(OCoLC)fst01902682
=650  \7$aRomanticism.$2fast$0(OCoLC)fst01100133
=648  \7$a1700-1899$2fast
=655  \7$aHistory.$2fast$0(OCoLC)fst01411628
=700  1\$aBushell, Sally,$eeditor.
=700  1\$aCarlson, Julia S.$q(Julia Sandstrom),$eeditor.
=700  1\$aDavies, Damian Walford,$eeditor.
=852  41$aBritish Library$bMAPS$jMaps.2022.b.17.
=852  11$aBritish Library$bMAPS$kMaps Ref.$hD.2$m(138)
=CAT  \\$aBATCH-CIPN$b00$c20201222$lBLL01$h1701
=CAT  \\$a8337$b40$c20210726$lBLL01$h1426
=CAT  \\$a15308$b40$c20220322$lBLL01$h1427
=CAT  \\$a15989$b40$c20230125$lBLL01$h1231
=FIN  \\$aY$d20220322
=SID  \\$aZ39$bOCLC
=LAS  \\$a15989$b40$c20230125$lBLL01$h1231

