=LDR  01806cam a2200469 i 4500
=001  020121832
=003  Uk
=005  20230721213400.0
=008  210227s2021\\\\nyua\\\\\b\\\\001|0|eng|d
=FMT  \\$a  BK
=010  \\$a2021012336  
=015  \\$aGBC134338$2bnb
=016  7\$a020121832$2Uk
=020  \\$a9780593192399$qhardback
=020  \\$z9780593192405$qebook
=040  \\$aStDuBDS$beng$cStDuBDS$dUk$erda
=042  \\$aukblsr
=082  00$a658.11$223
=100  1\$aLavingia, Sahil,$eauthor.
=245  10$aMinimalist entrepreneur /$cSahil Lavingia.
=264  \1$aNew York :$bPortfolio,$c2021.
=300  \\$axiii, 237 pages :$billustrations ;$c24cm.
=336  \\$atext$2rdacontent
=337  \\$aunmediated$2rdamedia
=338  \\$avolume$2rdacarrier
=500  \\$aFormerly CIP.$5Uk
=504  \\$aIncludes bibliographical references (pages 217-225) and index.
=505  0\$aThe Minimalist Entrepreneur -- Community First -- Build a Manual Valuable Process First -- Sell to Your First 100 Customers -- Market By Being You -- Grow Yourself and Your Business Sustainably -- Build the House You Want to Live In -- Where Do We Go From Here? -- One More Thing.
=530  \\$aAlso published electronically.
=650  \0$aNew business enterprises.
=690  7\$aManagement and Business Studies$2blcoll
=852  11$aBritish Library$bSTI$cBIPC
=852  41$aBritish Library$bHMNTS$jYD.2022.a.1998
=BUF  \\$aN$d20220405
=CAT  \\$aBATCH-CIPN$b00$c20210302$lBLL01$h1701
=CAT  \\$a15184$b40$c20220405$lBLL01$h0834
=CAT  \\$a11131$b40$c20220405$lBLL01$h0835
=CAT  \\$aBATCH-MBS$c20220426$lBLL01$h0918
=CAT  \\$aBATCH-BUOC$b00$c20230713$lBLL01$h2115
=CAT  \\$aBATCH-MBS$c20230721$lBLL01$h2134
=FIN  \\$aY$d20220405
=LAS  \\$aBATCH-MBS$b00$c20230721$lBLL01$h2134

