=LDR  03342cam a2200793 i 4500
=001  020162068
=003  Uk
=005  20230924063606.0
=008  210320s2021\\\\gw\a\\\\\bc\\\001\0\ger\c
=FMT  \\$a  BK
=020  \\$a9783873207561
=020  \\$a3873207567
=024  3\$a9783873207561
=035  \\$a(OCoLC)1242599131
=040  \\$aOHX$beng$cOHX$dQGJ$dZCU$dOCLCO$dSTF$dOCLCQ$dOCLCF$dERASA$dVU@$dIUL$dOCLCO$dPUL$erda
=042  \\$aukblcatcopy
=043  \\$au-sz---
=050  \4$aML136.Z87$bZ46 2021
=072  \7$aML$2lcco
=072  \7$aZ$2lcco
=082  04$a002.09
=245  00$aZürcher Liedflugschriften :$bKatalog der bis 1650 erscheinenen Drucke in der Zentralbibliothek Zürich /$cbearbeitet von Eberhard Nehlsen ; Redaktion: Christian Scheidegger
=264  \1$aBaden-Baden :$bVerlag Valentin Koerner,$c2021
=300  \\$a517 pages :$billustrations ;$c25 cm.
=336  \\$atext$btxt$2rdacontent
=337  \\$aunmediated$bn$2rdamedia
=338  \\$avolume$bnc$2rdacarrier
=490  1\$aBibliotheca bibliographica Aureliana,$x0067-7884 ;$vCCLVI
=504  \\$aIncludes bibliographical references (pages 504-516) and index
=540  \\$aCurrent Copyright Fee: GBP25.00$c0$5Uk
=610  20$aZentralbibliothek Zürich$vCatalogs.
=650  \0$aSongs, German$zSwitzerland$zZurich$vPamphlets$vCatalogs.
=650  \0$aSongs, German$zSwitzerland$zZurich$xTexts$vCatalogs.
=650  \0$aMusic$zSwitzerland$zZurich$vPamphlets$vCatalogs.
=650  \0$aMusic$zSwitzerland$zZurich$xTexts$vCatalogs.
=651  \0$aSwitzerland$xHistory$y1499-1648$vPamphlets$vCatalogs.
=650  \6$aChansons allemandes$vTracts$vCatalogues$zSuisse$zZurich.
=650  \6$aChansons allemandes$xTextes$vCatalogues$zSuisse$zZurich.
=650  \6$aMusique$vTracts$vCatalogues$zSuisse$zZurich.
=650  \6$aMusique$xTextes$vCatalogues$zSuisse$zZurich.
=651  \6$aSuisse$xHistoire$y1499-1648$vTracts$vCatalogues.
=610  27$aZentralbibliothek Zürich$2fast$0(OCoLC)fst00516199
=650  \7$aMusic.$2fast$0(OCoLC)fst01030269
=650  \7$aSongs, German.$2fast$0(OCoLC)fst01126343
=651  \7$aSwitzerland.$2fast$0(OCoLC)fst01205401
=651  \7$aSwitzerland$zZurich.$2fast$0(OCoLC)fst01207630
=648  \7$a1499-1648$2fast
=655  \7$aCatalogs.$2fast$0(OCoLC)fst01423692
=655  \7$aHistory.$2fast$0(OCoLC)fst01411628
=655  \7$aKatalog.$2gnd-content
=700  1\$aNehlsen, Eberhard,$d1953-$eeditor.
=700  1\$aScheidegger, Christian,$d1973-$eeditor.
=830  \0$aBibliotheca bibliographica Aureliana ;$v256.
=852  41$aBritish Library$bHMNTS$j2715.KA.16
=852  41$aBritish Library$bDSC$j2017.970000
=852  11$aBritish Library$bHMNTS$cSPHOA$kRAR
=852  41$aBritish Library$bHMNTS$jYF.2023.a.16738
=CAT  \\$a8197$b40$c20210420$lBLL01$h1126
=CAT  \\$aBATCH-CLA$b00$c20210421$lBLL01$h0129
=CAT  \\$aBATCH-CLA$b00$c20221221$lBLL01$h1938
=CAT  \\$aIPL-CLA$c20221231$lBLL01$h2352
=CAT  \\$a15066$b40$c20230711$lBLL01$h1502
=CAT  \\$aBATCH-CLA$b00$c20230712$lBLL01$h0117
=CAT  \\$aW2308-1659$c20230923$lBLL01$h0933
=CAT  \\$aBATCH-CLA$b00$c20230924$lBLL01$h0636
=CFI  0\$aCurrent Copyright Fee: GBP25.00$c0$e01-jan-2023$fGBP25.00$g0$hA$5Uk
=FIN  \\$aY$d20230711
=SID  \\$aZ39$bOCLC
=LAS  \\$aBATCH-CLA$b00$c20230924$lBLL01$h0636

