=LDR  01614cam a2200421 i 4500
=001  020187284
=003  Uk
=005  20221213143252.0
=008  210507m20219999enk\\\\\\b\\\|001|0|eng|d
=FMT  \\$a  BK
=015  \\$aGBC172181$2bnb
=016  7\$a020187284$2Uk
=020  \\$a9780192844262$qv. I$qcased$c£145.00
=020  \\$a9780192895738$qv. II$qcased$c£145.00
=040  \\$aStDuBDS$beng$cStDuBDS$dUk$erda
=042  \\$aukblsr
=082  04$a345$223
=100  1\$aAmbos, Kai,$eauthor.$1https://isni.org/isni/0000000117622576
=245  10$aTreatise on international criminal law /$cKai Ambos, with the assistance of Alexander Heinze, Peter Rackow, Jacopo Governa.
=250  \\$aSecond edition.
=264  \1$aOxford :$bOxford University Press,$c2021-
=300  \\$a3 volumes ;$c26 cm
=336  \\$atext$2rdacontent
=337  \\$aunmediated$2rdamedia
=338  \\$avolume$2rdacarrier
=500  \\$aVol. 2: Kai Ambos, with the assistance of Alexander Heinze, Peter Rackow and Eric Armbrecht, Jacopo Governa.
=505  1\$av. I. Foundations and general part -- v. II. The crimes and sentencing.
=504  \\$aIncludes bibliographical references and index.
=500  \\$aFormerly CIP.$5Uk
=650  \0$aInternational criminal law.
=852  41$aBritish Library$bHMNTS$jYC.2022.b.118$ivol. I
=852  41$aBritish Library$bHMNTS$ivol. 2
=CAT  \\$aBATCH-CIPN$b00$c20210511$lBLL01$h1700
=CAT  \\$a8337$b40$c20220112$lBLL01$h1611
=CAT  \\$a6989$b40$c20220113$lBLL01$h1116
=CAT  \\$a11250$b40$c20221213$lBLL01$h1432
=FIN  \\$aY$d20220113
=LAS  \\$a11250$b40$c20221213$lBLL01$h1432

