=LDR  01690pam a2200457 i 4500
=001  018482901
=003  Uk
=005  20171024083113.0
=008  170823s2017\\\\ne\a\\\\\b\\\|001|0|eng|d
=FMT  \\$a  BK
=015  \\$aGBB7F1993$2bnb
=016  7\$a018482901$2Uk
=020  \\$a9780444635303$qhardback$c£118.00
=020  \\$z9780444635402$qePub$c£118.00
=040  \\$aStDuBDS$beng$cStDuBDS$dUk$erda
=042  \\$aukblsr
=082  04$a338.74$223
=245  04$aThe handbook of the economics of corporate governance /$cedited by Benjamin E. Hermalin, Michael S. Weisbach.
=246  13$aEconomics of corporate governance
=264  \1$aAmsterdam :$bNorth Holland,$c[2017]-
=300  \\$avolumes :$billustrations (black and white, and colour) ;$c25 cm.
=336  \\$atext$2rdacontent
=337  \\$aunmediated$2rdamedia
=338  \\$avolume$2rdacarrier
=490  0\$aHandbooks in economics
=530  \\$aAlso published electronically.
=504  \\$aIncludes bibliographical references and index.
=500  \\$aFormerly CIP.$5Uk
=650  \0$aCorporate governance$xEconomic aspects.
=690  7\$aManagement and Business Studies$2blcoll
=700  1\$aHermalin, Benjamin E.$q(Benjamin Edward),$eeditor.
=700  1\$aWeisbach, Michael S.$q(Michael Steven),$eeditor.
=776  08$iebook version :$z9780444635402
=852  41$aBritish Library$bDSC$ivol. 1
=852  41$aBritish Library$bHMNTS$jYC.2017.a.12162
=CAT  \\$aBATCH-CIPN$b00$c20170829$lBLL01$h1700
=CAT  \\$a8411$b40$c20171023$lBLL01$h1452
=CAT  \\$a6989$b40$c20171024$lBLL01$h0831
=CAT  \\$aBATCH-MBS$c20171027$lBLL01$h2106
=FIN  \\$aY$d20171023
=LAS  \\$aBATCH-MBS$b00$c20171027$lBLL01$h2106

