=LDR  03144ccm a2200793 i 4500
=001  018516744
=003  Uk
=005  20230223163857.0
=008  161222m20162017gw\uuae\\ehi\\\n\\\\zxx\d
=FMT  \\$a  MU
=028  30$aGE 1296$bGarri Editions$q(v.1)
=028  30$aGE 1297$bGarri Editions$q(v.2)
=028  30$aGE 1298$bGarri Editions$q(v.3)
=028  30$aGE 1299$bGarri Editions$q(v.4)
=028  30$aGE 1300$bGarri Editions$q(v.5)
=028  30$aGE 1301$bGarri Editions$q(v.6)
=035  \\$a(GyWOH)har165020645
=035  \\$a(GyWOH)har165023005
=035  \\$a(GyWOH)har165024662
=035  \\$a(GyWOH)har175001485
=035  \\$a(OCoLC)966672907
=040  \\$aIUL$beng$cIUL$dEMU$dOCLCF$dCIN$dCGU$dHMU$dOCLCA$dUk$erda
=041  \\$geng
=042  \\$aukblsr
=050  \4$aM452$b.B638 G.183-188 2016
=082  04$a785.7194$223
=100  1\$aBoccherini, Luigi,$d1743-1805,$ecomposer.
=240  10$aQuartets,$mviolins (2), viola, cello,$nG. 183-188
=245  10$aSix string quartets, op. 22 /$cLuigi Boccherini.
=246  3\$a6 string quartets, op. 22
=250  \\$aFull score & 4 parts.
=250  \\$aFirst edition.
=264  \1$aLeipzig :$bGarri Editions,$c[2016]-[2017]
=264  \4$c©2016-2017
=300  \\$a1 score (6 volumes) + 4 parts (6 volumes) ;$c30 cm.
=336  \\$anotated music$bntm$2rdacontent
=337  \\$aunmediated$bn$2rdamedia
=338  \\$avolume$bnc$2rdacarrier
=382  01$aviolin$n2$aviola$n1$acello$n1$s4$2lcmpt
=383  \\$bop. 22$cG. 183-188$dGérard$2mlati
=490  1\$aInstrumental treasures
=500  \\$a"Urtext."
=500  \\$aPreface in English.
=505  0\$a[Vol. 1]. Quartet no 1, G 183 [C major] -- [Vol. 2]. Quartet no 2, G 184 [D major] -- [Vol. 3]. Quartet no 3, G 185 [E♭ major] -- [Vol. 4]. Quartet no 4, G 186 [B♭ major] -- [Vol. 5]. Quartet no 5, G 187 [A major] -- [Vol. 6]. Quartet no 6, G 188.
=546  \\$bStaff notation.
=650  \0$aString quartets$vScores and parts.
=650  \7$aString quartets$xScores and parts.$2fast$0(OCoLC)fst01135320
=655  \7$aChamber music.$2fast$0(OCoLC)fst01726551
=655  \7$aParts (Music)$2fast$0(OCoLC)fst01692889
=655  \7$aScores.$2fast$0(OCoLC)fst01692898
=700  1\$aGarri, Alejandro,$eeditor.
=830  \0$aInstrumental treasures.
=852  41$aBritish Library$bDSC$cMUSIC$jH06/.17728$ivol. 3
=852  41$aBritish Library$bDSC$cMUSIC$jH06/.17739$iVol. 5
=852  41$aBritish Library$bDSC$cMUSIC$jH06/.17616$ivol. 2
=852  41$aBritish Library$bDSC$cMUSIC
=852  41$aBritish Library$bDSC$cMUSIC$jH06/.17778$ivol. 4
=852  41$aBritish Library$bDSC$cMUSIC$jH06/.17615$ivol. 1
=985  \\$aUpdated by MS generated file for WR2302-017
=CAT  \\$aBATCH-HARR$b00$c20170918$lBLL01$h1005
=CAT  \\$a8870$b40$c20180409$lBLL01$h1618
=CAT  \\$a8870$b40$c20180409$lBLL01$h1626
=CAT  \\$a8870$b40$c20180531$lBLL01$h1025
=CAT  \\$a8870$b40$c20180604$lBLL01$h1406
=CAT  \\$aW2302-0174$c20230223$lBLL01$h2016
=FIN  \\$aY$d20180409
=SID  \\$aZ39$bOCLC
=SRC  \\$aHarrassowitz - Supplier
=LAS  \\$aW2302-0174$b00$c20230223$lBLL01$h2016

