=LDR  04317ccm a2200913 i 4500
=001  018595483
=003  Uk
=005  20230223164047.0
=008  171009t20172017enkmol\\\bhiz\\n\\\\lat\d
=FMT  \\$a  MU
=020  \\$a9781907647062
=040  \\$aStEdALDL$beng$cStEdALDL$dUk$erda
=041  0\$alat$geng
=042  \\$aukblsr
=082  04$a782.526$223
=245  04$aThe Anne Boleyn music book :$b(Royal College of Music MS 1070) /$cfacsimile with introduction by Thomas Schmidt and David Skinner with Katja Airaksinen-Monier.
=264  \1$aOxford :$bDIAMM Publications,$c[2017]
=264  \4$c©2017
=300  \\$a1 choir book (ii, 54 pages, 267 pages of plates) :$bcolor facsimiles ;$c31 cm.
=336  \\$anotated music$bntm$2rdacontent
=337  \\$aunmediated$bn$2rdamedia
=338  \\$avolume$bnc$2rdacarrier
=382  01$asinger$n3$s3$2lcmpt
=382  01$asinger$n4$pinstrument$n4$s4$2lcmpt
=382  01$asinger$n5$s5$2lcmpt
=382  01$asinger$n6$s6$2lcmpt
=490  1\$aDIAMM facsimiles,$x2043-8273 ;$v6
=500  \\$aPolyphonic chansons and motets for 3 to 6 voices, some without text.
=546  \\$aLatin words.
=546  \\$bStaff notation.
=505  0\$aContext and earlier ownership / David Skinner -- Physical description and genesis / Thomas Schmidt -- Decoration / Katja Airaksinen-Monier -- Repertoire / Thomas Schmidt -- Bibliography -- Appendices. Gathering structure and scribes ; Inventory ; Sources and editions ; Table of corrections in Section I / Thomas Schmidt -- Facsimile.
=500  \\$aA full-colour reproduction of Royal College of Music MS 1070, a book of vocal music thought to have been owned by Anne Boleyn.
=500  \\$aContains works by Josquin Desprez, Jean Mouton, Antoine de Févin, Loyset Compère, Antoine Brumel, Pierrequin de Therache, Mathieu Gascongne, Claudin de Sermisy, and Jacob Obrecht.
=500  \\$aPreliminary articles in English.
=504  \\$aIncludes bibliographical references.
=650  \0$aMusic$xManuscripts$vFacsimiles.
=650  \0$aMotets$zFrance$y16th century.
=650  \0$aPolyphonic chansons$zFrance$y16th century.
=650  \7$aMotets.$2fast$0(OCoLC)fst01026871
=650  \7$aMusic.$2fast$0(OCoLC)fst01030269
=650  \7$aPolyphonic chansons.$2fast$0(OCoLC)fst01070749
=651  \7$aFrance.$2fast$0(OCoLC)fst01204289
=648  \7$a1500-1599$2fast
=655  \7$aFacsimiles.$2fast$0(OCoLC)fst01411642
=655  \7$aManuscripts.$2fast$0(OCoLC)fst01424060
=655  \7$aMotets.$2fast$0(OCoLC)fst01726673
=655  \7$aPolyphonic chansons.$2fast$0(OCoLC)fst01920293
=655  \7$aService books (Music)$2fast$0(OCoLC)fst01920350
=700  0\$aJosquin,$cdes Prez,$d-1521,$ecomposer.
=700  1\$aMouton, Jean,$d-1522,$ecomposer.
=700  1\$aFévin, Antoine de,$ecomposer.
=710  2\$aRoyal College of Music (Great Britain).$kManuscript.$n1070.
=700  1\$aCompère, Loyset,$dapproximately 1445-1518,$ecomposer.
=700  1\$aBrumel, Antoine,$dapproximately 1460-approximately 1515,$ecomposer.
=700  0\$aPierrequin,$cde Thérache,$dapproximately 1465-1528,$ecomposer.
=700  1\$aGascongne, Mathieu,$ecomposer.
=700  1\$aSermisy, Claudin de,$dapproximately 1490-1562,$ecomposer.
=700  1\$aObrecht, Jacob,$d-1505,$ecomposer.
=700  1\$aSchmidt, Thomas Christian,$d1968-$ewriter of introduction.
=700  1\$aSkinner, David,$d1964-$ewriter of introduction.
=700  1\$aAiraksinen-Monier, Katja,$ewriter of introduction.
=700  0\$aAnne Boleyn,$cQueen, consort of Henry VIII, King of England,$d1507-1536.
=830  \0$aDIAMM facsimiles ;$v6.
=852  41$aBritish Library$bDSC$cMUSIC
=852  41$aBritish Library$bMUSIC$jG.46.tt.
=985  \\$aUpdated by MS generated file for WR2302-017
=BUF  \\$aRM$d20180116
=CAT  \\$aBATCH-ALDL$b00$c20171109$lBLL01$h2119
=CAT  \\$aBATCH-UPD$b00$c20171109$lBLL01$h2120
=CAT  \\$a6923$b40$c20180116$lBLL01$h1149
=CAT  \\$aBATCH-016$c20180117$lBLL01$h2203
=CAT  \\$a14843$b40$c20180123$lBLL01$h1158
=CAT  \\$a14843$b40$c20180123$lBLL01$h1159
=CAT  \\$aBATCH-HARR$b00$c20181015$lBLL01$h1147
=CAT  \\$aW2302-0174$c20230223$lBLL01$h2017
=FIN  \\$aY$d20180123
=LDO  \\$d1/3604868
=SRC  \\$aALDL
=LAS  \\$aW2302-0174$b00$c20230223$lBLL01$h2017

