=LDR  02568cam a22006617i 4500
=001  018627529
=003  Uk
=005  20221231234328.0
=008  171130s2017\\\\gw\a\\\\\b\\\|0|0\0|eng\\
=FMT  \\$a  BK
=020  \\$a9783110413038$qhardback
=020  \\$z9783110413120$qpdf
=020  \\$z9783110413168$qepub
=040  \\$aUk$beng$cUk$erda
=042  \\$aukblsr
=082  04$a020$223
=245  00$aGlobal library and information science /$cedited on behalf of IFLA by Ismail Abdullahi.
=250  \\$a2nd edition.
=264  \1$aBerlin :$bDe Gruyter Saur,$c[2017]
=300  \\$ax, 714 pages :$billustrations (black and white) ;$c24 cm.
=336  \\$atext$2rdacontent
=337  \\$aunmediated$2rdamedia
=338  \\$avolume$2rdacarrier
=490  0\$aIFLA publications,$x0344-6891 ;$vvolume 174
=504  \\$aIncludes bibliographical references.
=530  \\$aAlso published electronically.
=540  \\$aCurrent Copyright Fee: GBP25.00$c0$5Uk
=650  \0$aLibraries.
=650  \0$aComparative librarianship.
=650  \0$aInternational librarianship.
=700  1\$aAbdullahi, Ismael,$eeditor.
=710  2\$aInternational Federation of Library Associations and Institutions.
=852  41$aBritish Library$bDSC$j4363.315500
=852  41$aBritish Library$bHMNTS$j2714.abc.38
=852  11$aBritish Library$bHMNTS$kHUR$h020
=CAT  \\$a11029$b40$c20171130$lBLL01$h0944
=CAT  \\$a11029$b40$c20171130$lBLL01$h0945
=CAT  \\$aBATCH-CLA$b00$c20171201$lBLL01$h0117
=CAT  \\$a11250$b40$c20171206$lBLL01$h1156
=CAT  \\$aBATCH-CLA$b00$c20171207$lBLL01$h0128
=CAT  \\$aBATCH-CLA$b00$c20171222$lBLL01$h2222
=CAT  \\$aIPL-CLA$c20171231$lBLL01$h1835
=CAT  \\$a11250$b40$c20180102$lBLL01$h1350
=CAT  \\$a11250$b40$c20180102$lBLL01$h1354
=CAT  \\$aBATCH-CLA$b00$c20180103$lBLL01$h0403
=CAT  \\$aBATCH-CLA$b00$c20191219$lBLL01$h1805
=CAT  \\$aIPL-CLA$c20191231$lBLL01$h2045
=CAT  \\$aR2001-1524$c20200127$lBLL01$h2109
=CAT  \\$aBATCH-CLA$b00$c20200128$lBLL01$h0428
=CAT  \\$aBATCH-CLA$b00$c20201204$lBLL01$h1617
=CAT  \\$aIPL-CLA$c20201231$lBLL01$h2350
=CAT  \\$aBATCH-CLA$b00$c20221221$lBLL01$h1935
=CAT  \\$aIPL-CLA$c20221231$lBLL01$h2343
=CFI  0\$aCurrent Copyright Fee: GBP25.00$c0$e01-jan-2023$fGBP25.00$g0$hA$5Uk
=CFI  2\$aPrevious Copyright Fee: GBP22.50$c0$e01-jan-2021$fGBP22.50$g0$hA$5Uk
=FIN  \\$aY$d20171206
=ACF  \\$aPrevious Copyright Fee: GBP20.00$c0$e01-jan-2020$fGBP20.00$g0$hA$5Uk
=LAS  \\$aIPL-CLA$b00$c20221231$lBLL01$h2343

