=LDR  04960pam a2200541 i 4500
=001  018636222
=003  Uk
=005  20181119155008.0
=008  170324s2018\\\\nyuab\\\\b\\\\001\0\eng\\
=FMT  \\$a  BK
=010  \\$a  2017001277
=015  \\$aGBB7N2879$2bnb
=016  7\$a018636222$2Uk
=020  \\$a9781501342110 (hbk.) :$c£190.00
=020  \\$z9781628927542$qePDF
=020  \\$a9781501342103 (paperback)
=040  \\$aStDuBDS$beng$cStDuBDS$dUk$erda
=042  \\$aukblcatcopy
=050  00$aNC998$b.H46 2017
=082  00$a740$223
=084  \\$aDES007040$aART015000$2bisacsh
=245  04$aThe history of illustration /$cSusan Doyle, editor, Phode Island School of Design; Jaleen Grove, associate editor, Washington University; Whitney Sherman, associate editor, Maryland Institute College of Art.
=264  \1$aNew York :$bFairchild Books,$c[2018]
=300  \\$axxxvii, 554 pages :$billustrations (some color), 1 color map ;$c32 cm
=336  \\$atext$btxt$2rdacontent
=337  \\$aunmediated$bn$2rdamedia
=338  \\$avolume$bnc$2rdacarrier
=520  \\$a"Written by an international team of illustration historians, practitioners, and educators, History of Illustration covers image-making and print history from around the world, spanning from the prehistoric to the contemporary. With hundreds of color image, this book to contextualize the many types of illustrations within social, cultural, and technical parameters, presenting information in a flowing chronology. This essential guide is the first comprehensive history of illustration as its own discipline. Readers will gain an ability to critically analyze images from technical, cultural, and ideological standpoints in order to arrive at an appreciation of art form of both past and present illustration"--$cProvided by publisher.
=504  \\$aIncludes bibliographical references (pages 508-525) and index.
=505  8\$aMachine generated contents note: -- Introduction Section I: Illustrative Traditions in Europe and Asia -- 1. Image and Meaning (Prehistory-c. 1800) -- 2. Illustration in Printed Matter and in Early Modern Europe (1400-1650) -- 3. Middle East and Southeast Asian Illustrative Traditions -- 4. Chinese Illustration before 1900 -- 5. Stage, Sex, and Scenes from Japan's Floating World Section II: Images as Knowledge, Ideas as Power -- 6. The Art of Observation and the Re-presentation of Nature (1450-1900) -- 7. Visualizing Bodies: Scientific and Medical Illustration from the Enlightenment to the 20th Century -- 8. Dangerous Pictures: Social Commentary in Europe (1720-1860) -- 9. Blake and Goya: Idealism Expressed through Elusive Form, Symbolism, and Mythic Refuge from the Man-Made World -- 10. The European Print Culture Matures: Illustration in the Expansion of Graphic Journalism, Advertising, and Magazine Fiction (1830-1900) --.11. Victorian Sensibilities: Excess and Ornamentalism in Printed Ephemera (1830-1900) -- 12. Fantasy and Children's Book Illustration in the 19th and early 20th Century -- 13. Arts and Crafts, Art Nouveau, and the Poster Movement: The Designer/Illustrator as a Shaper of Cultural Consciousness -- 14. Avant-garde in Early 20th Century Illustration in Publishing Design and Fine Art -- 15. The Boom and Decline of Narrative Realism in American Illustration (1875-1930) -- 16. Jazz, Sex, and Prosperity: Popular Culture, Illustrated (1920-1940) -- 17. Persuasive Images and Polemic in World Events (1890-1945) -- 18. From Pulps to Pinups: Illustrating Alternate Realities in Science Fiction -- 19. An International Medium: History of Comics and Graphic Narratives Section III: The Evolution of Illustration in an Electronic Age -- 20. The Shifting Mid-Century Marketplace: Illustration, Style, and the Challenge of New Media (1940-1980) --.21. Counterculture since the 1960s: Underground Comix, Rock, and Protest Posters! -- 22. Contemporary Children's Book (1935-1995) -- 23. Contemporary Illustration: Shifting Markets in a Postmodern World -- 24. Continuing Strides in Medical and Scientific Illustration and Data-driven Visualization -- 25. Directions: Illustration as a "Future" Discipline Glossary -- Bibliography -- Index.
=530  \\$aAlso issued online.
=500  \\$aFormerly CIP.$5Uk
=650  \0$aGraphic arts$xHistory.
=650  \0$aArt and society$xHistory.
=650  \7$aDESIGN / Graphic Arts / Illustration.$2bisacsh
=650  \7$aART / History / General.$2bisacsh
=700  1\$aDoyle, Susan,$d1959-$eeditor.
=700  1\$aGrove, Jaleen$q(S. Jaleen),$eeditor.
=700  1\$aSherman, Whitney,$eeditor.
=852  41$aBritish Library$bHMNTS$jLC.31.b.19462
=852  11$aBritish Library$bHMNTS$kHLR$h740
=CAT  \\$aBATCH-CIPN$b00$c20171205$lBLL01$h1701
=CAT  \\$a6923$b40$c20180605$lBLL01$h1144
=CAT  \\$a6923$b40$c20180605$lBLL01$h1146
=CAT  \\$a9657$b40$c20181119$lBLL01$h1550
=FIN  \\$aY$d20181119
=SRC  \\$aBLL02
=LAS  \\$a9657$b40$c20181119$lBLL01$h1550

