=LDR  04876 am a2200709 u 4500
=001  018641580
=003  Uk
=005  20181030141713.0
=008  170113s2017\\\\enka\\\\\b\\\|0|1\0|eng\c
=FMT  \\$a  BK
=015  \\$aGBB8J6061$2bnb
=020  \\$a9781909400849$cNo price
=020  \\$a190940084X$cNo price
=035  \\$a(OCoLC)968775560
=040  \\$aBTCTA$beng$cBTCTA$dERASA$dQGJ$dVU@$dORC$dXII$dFSJ$dGRU$dUAB$dCHVBK$dOCLCO$dHTM$dUBY$dOSU$dFDA$dOCLCF$dNGU$dERD$dOBE$dUk$erda
=042  \\$aukblsr
=043  \\$ae-gx---$ae------
=050  \4$aZ4-8
=050  \4$aZ241.B58$bW45 2017
=082  04$a093$223
=100  1\$aWhite, Eric Marshall,$eauthor.
=245  10$aEditio princeps :$ba history of the Gutenberg Bible /$cEric Marshall White.
=246  30$aHistory of the Gutenberg Bible
=264  \1$a[London] ;$aTurnhout, Belgium :$bHarvey Miller Publishers, an imprint of Brepols Publishers,$c[2017]
=300  \\$a465 pages :$billustrations (black and white, and colour) ;$c31 cm.
=336  \\$atext$btxt$2rdacontent
=336  \\$astill image$bsti$2rdacontent
=337  \\$aunmediated$bn$2rdamedia
=338  \\$avolume$bnc$2rdacarrier
=490  1\$a[Harvey Miller studies in the history of culture]
=504  \\$aIncludes bibliographical references (pages 355-450) and indexes.
=500  \\$aSeries title from publisher's website.
=505  0\$aPart one. Editio princeps. Europe's first printer -- The work of the books -- A book without history -- Part two. A history of the Gutenberg Bible. The first fruits of the eighteenth century -- The long harvest of the nineteenth century -- The last gleanings of the twentieth century -- Epilogue : fertile ground for the twenty-first century -- Part three. A census of Gutenberg Bibles. Surviving copies (including fragments) -- Additional recorded survivals (present locations unknown) -- Notional copies (not otherwise recorded) -- Accessory fragments (not from completed Bibles) -- Doubtful copies and 'ghosts.'
=520  \\$a"The Gutenberg Bible is widely recognized as Europe's first printed book, a book that forever changed the world. However, despite its initial impact, fame was fleeting: for the better part of three centuries the Bible was virtually forgotten; only after two centuries of tenacious and contentious scholarship did it attain its iconic status as a monument of human invention. [This] is the first book to tell the whole story of Europe's first printed edition, describing its creation at Mainz circa 1455, its impact on fifteenth-century life and religion, its fall into oblivion during the sixteenth and seventeenth centuries, and its rediscovery and rise to worldwide fame during the centuries thereafter. This comprehensive study examines the forty-nine surviving Gutenberg Bibles, and fragments of at least fourteen others, in the chronological order in which they came to light. Combining close analysis of material clues within the Bibles themselves with fresh documentary discoveries, the book reconstructs the history of each copy in unprecedented depth, from its earliest known context through every change of ownership up to the present day. Along the way it introduces the colorful cast of proud possessors, crafty booksellers, observant travelers, and scholarly librarians who shaped our understanding of Europe's first printed book. Bringing the 'biographies' of all the Gutenberg Bibles together for the first time, this richly illustrated study contextualizes both the historic cultural impact of the editio princeps and its transformation into a world treasure."-- Provided by publisher.
=650  \0$aGutenberg Bible.
=630  00$aBible$xPublication and distribution$zGermany$zMainz (Rhineland-Palatinate)
=630  00$aBible$xPublication and distribution$zEurope$xHistory$yTo 1500.
=630  00$aBible$xHistory.
=600  17$aGutenberg, Johannes$d1400-1468$2gnd
=630  07$aBible.$2fast$0(OCoLC)fst01356024
=600  14$aGutenberg, Johannes$d1400-1468.
=650  \7$aHerkunft$2gnd
=650  \7$aFragment$2gnd
=650  \7$aExemplar$2gnd
=650  \7$aVerzeichnis$2gnd
=650  \7$aEditio princeps$2gnd
=650  \7$aRezeption$2gnd
=650  \7$aBuchdruck$2gnd
=650  \7$aGutenberg Bible.$2fast$0(OCoLC)fst00949522
=651  \7$aEurope.$2fast$0(OCoLC)fst01245064
=651  \7$aGermany$zMainz (Rhineland-Palatinate)$2fast$0(OCoLC)fst01312353
=648  \7$aTo 1500$2fast
=655  \7$aHistory.$2fast$0(OCoLC)fst01411628
=830  \0$aHarvey Miller studies in the history of culture.
=852  41$aBritish Library$bHMNTS$jLD.31.b.4246
=852  11$aBritish Library$bHMNTS$kRAR$h220.52
=CAT  \\$a11253$b40$c20171208$lBLL01$h0742
=CAT  \\$a7483$b40$c20181030$lBLL01$h1416
=CAT  \\$a7483$b40$c20181030$lBLL01$h1417
=FIN  \\$aY$d20181030
=SID  \\$aZ39$bOCLC
=LAS  \\$a7483$b40$c20181030$lBLL01$h1417

