=LDR  02822cas a2200685 i 4500
=001  019436197
=003  Uk
=005  20230209233750.0
=007  ta
=008  190612c20199999enkmx\p\\\\\\\0\\\a0eng\\
=FMT  \\$a  SE
=015  \\$aGBB9F7134$2bnb
=022  0\$a2632-7813$202
=040  \\$aUk$beng$cUk$erda
=042  \\$aukblsr$aissnuk
=082  04$a388.0440941$223
=222  \0$aLogistics magazine$b(Print)
=245  00$aLogistics magazine /$cFTA.
=264  \1$aTunbridge Wells, Kent :$bFTA,$c2019-
=300  \\$billustrations (colour) ;$c30 cm
=310  \\$aTen times a year
=336  \\$atext$2rdacontent
=337  \\$aunmediated$2rdamedia
=338  \\$avolume$2rdacarrier
=362  0\$aVol 1, no 1 (September 2019)-
=500  \\$a"Leading UK logistics."
=525  \\$aIncludes standalone supplements on a range of topics.
=540  \\$aCurrent Copyright Fee: GBP25.00$c0$5Uk
=650  \0$aFreight and freightage$zGreat Britain$vPeriodicals.
=650  \0$aFreight and freightage$xLaw and legislation$zGreat Britain$vPeriodicals.
=650  \0$aBusiness logistics$zGreat Britain$vPeriodicals.
=650  \0$aBusiness logistics$xLaw and legislation$zGreat Britain$vPeriodicals.
=710  2\$aFreight Transport Association,$eissuing body.
=780  00$tFreight & logistics$x2397-8953
=776  08$iAlso issued online as:$tLogistics magazine$x2632-7821
=852  71$aBritish Library$bSTI$k(P)$m-E(6)$iUT 50$2blsrissc$3Vol. 1, no. 1 (Sep. 2019)-V. 2, no. 3(2020:Apr.)
=852  41$aBritish Library$bDSC$j5292.317400$3Vol. 1, No. 1 (2019)
=945  \\$aLogistics magazine
=959  \\$fCurrently received
=CAT  \\$a11205$b40$c20190612$lBLL01$h1110
=CAT  \\$a11205$b40$c20190912$lBLL01$h1628
=CAT  \\$a8335$b40$c20190913$lBLL01$h1146
=CAT  \\$aBATCH-CLA$b00$c20200228$lBLL01$h1634
=CAT  \\$aIPL-CLA$c20200331$lBLL01$h1639
=CAT  \\$aBATCH-CLA$b00$c20201126$lBLL01$h1412
=CAT  \\$aIPL-CLA$c20201231$lBLL01$h1534
=CAT  \\$aBATCH-CLA$b00$c20221130$lBLL01$h1439
=CAT  \\$aIPL-CLA$c20221231$lBLL01$h1455
=CAT  \\$aBATCH-CLA$b00$c20230209$lBLL01$h1526
=CAT  \\$aIPL-CLA$c20230209$lBLL01$h2337
=CFI  0\$aCurrent Copyright Fee: GBP25.00$c0$e09-feb-2023$fGBP25.00$g0$hC$5Uk
=CFI  2\$aBritish Library not licensed to copy$c0$e01-jan-2023$hC$iCFP Excluded$5Uk
=FIN  \\$aY$d20190912
=LET  \0$aLogistics magazine (Print)
=LKR  \\$aPAR$b017763078$lBLL01$nFreight & logistics$mLogistics magazine$r78000
=TOC  \\$aETOC
=ACF  \\$aPrevious Copyright Fee: GBP17.50$c0$e13-sep-2019$fGBP17.50$g0$hC$5Uk
=ACF  \\$aPrevious Copyright Fee: GBP20.00$c0$e01-apr-2020$fGBP20.00$g0$hC$5Uk
=ACF  \\$aPrevious Copyright Fee: GBP22.50$c0$e01-jan-2021$fGBP22.50$g0$hC$5Uk
=LAS  \\$aIPL-CLA$b00$c20230209$lBLL01$h2337

