=LDR  01729cam a2200457 i 4500
=001  019485343
=003  Uk
=005  20220113141506.0
=008  190713s2019\\\\gw\\\\\\\b\\\|0|1\0|ger\\
=FMT  \\$a  BK
=020  \\$a9783110617856$qv. 1$qcased
=020  \\$z9783110621761$qv. 1$qPDF
=020  \\$z9783110619119$qv. 1$qEPUB
=040  \\$aUk$beng$cUk$erda
=041  0\$ager$alat
=042  \\$aukblsr
=100  1\$aKlopstock, Friedrich Gottlieb,$d1724-1803,$eauthor.
=245  10$aKleine Prosaschriften /$cFriedrich Gottlieb Klopstock ; herausgegeben von Horst Gronemeyer und Klaus Hurlebusch.
=264  \1$aBerlin :$bWalter de Gruyter,$c[2019]-
=300  \\$avolumes ;$c25 cm.
=336  \\$atext$2rdacontent
=337  \\$aunmediated$2rdamedia
=338  \\$avolume$2rdacarrier
=490  1\$aWerke und Briefe : historisch-kritische Ausgabe / Friedrich Gottlieb Klopstock. Abteilung Werke ;$vIX
=546  \\$aGerman with texts in Latin.
=500  \\$aComplete in two volumes.
=530  \\$aAlso available in electronic format.
=504  \\$aIncludes bibliographical references and index.
=505  1\$aBand I. Text.
=650  \0$aProse literature.
=700  1\$aGronemeyer, Horst,$eeditor.
=700  1\$aHurlebusch, Klaus,$eeditor.
=800  1\$aKlopstock, Friedrich Gottlieb.$tWerke und Briefe : historisch-kritische Ausgabe.$pAbteilung Werke ;$v9.
=852  41$aBritish Library$bHMNTS$jX.0981/652
=852  41$aBritish Library$bHMNTS$i[Bd.1]
=CAT  \\$a5181$b40$c20190731$lBLL01$h1210
=CAT  \\$a5181$b40$c20190731$lBLL01$h1211
=CAT  \\$a11069$b40$c20220113$lBLL01$h1415
=CAT  \\$aW2308-1659$c20230923$lBLL01$h0941
=FIN  \\$aY$d20220113
=LAS  \\$aW2308-1659$b00$c20230923$lBLL01$h0941

