=LDR  01418 am a2200421 i 4500
=001  019492431
=003  Uk
=005  20200724161131.0
=008  190321s2019\\\\enk\\\\\\k\\\\001\0deng\d
=FMT  \\$a  BK
=015  \\$aGBB9I5356$2bnb
=020  \\$a9781913172022$qpaperback$c£16.99
=020  \\$a1913172023$qpaperback$c£16.99
=040  \\$aUK-WkNB$beng$cUK-WkNB$erda
=042  \\$aukblsr
=082  04$a781.6609252$223
=100  1\$aGoldman, Vivien,$eauthor.
=245  10$aRevenge of the she-punks :$ba feminist music history, from Poly Styrene to Pussy Riot /$cVivien Goldman.
=264  \1$aLondon :$bOmnibus Press,$c2019.
=300  \\$a210 pages ;$c24 cm
=336  \\$atext$2rdacontent
=337  \\$aunmediated$2rdamedia
=338  \\$avolume$2rdacarrier
=500  \\$aIncludes index.
=650  \0$aPunk rock music$xHistory and criticism.
=650  \0$aFeminism and music.
=650  \0$aWomen punk rock musicians.
=650  \0$aPunk rock musicians.
=852  11$aBritish Library$bHMNTS$kHUS$h789.30082
=852  41$aBritish Library$bHMNTS$jYC.2020.a.2442
=CAT  \\$aBATCH-CMLD$b00$c20190803$lBLL01$h1736
=CAT  \\$aBATCH-UPD$b00$c20190803$lBLL01$h1739
=CAT  \\$aBATCH-016$c20190807$lBLL01$h2155
=CAT  \\$a5883$b40$c20191112$lBLL01$h1451
=CAT  \\$a8318$b40$c20200724$lBLL01$h1611
=FIN  \\$aY$d20191112
=SRC  \\$aNielsen Bookdata
=LAS  \\$a8318$b40$c20200724$lBLL01$h1611

