=LDR  03763cam a2200757 i 4500
=001  019589397
=003  Uk
=005  20230924064833.0
=008  190814s2019\\\\gw\\\\\\\b\\\\001\0\ger\c
=FMT  \\$a  BK
=010  \\$a  2019948228
=020  \\$a9783110606942$qhardback
=020  \\$a3110606941$qhardback
=020  \\$z9783110607789$qPDF
=035  \\$a(OCoLC)1124568361
=040  \\$aAUXAM$beng$cAUXAM$dUk$erda
=041  0\$ager$alat
=042  \\$aukblsr
=082  04$a230$223
=100  0\$aAugustine,$cof Hippo, Saint,$d354-430,$eauthor.
=245  10$aSpäte Schriften zur Gnadenlehre :$bDe gratia et libero arbitrio. De praedestinatione sanctorum libri duo (olim : De praedestinatione sanctorum, De dono perseverantiae) /$cAugustinus ; ediert von Volker Henning Drecoll und Christoph Scheerer ; unter Mitarbeit von Benjamin Gleede.
=264  \1$aBerlin :$bDe Gruyter,$c2019.
=300  \\$ax, 289 pages ;$c25 cm.
=336  \\$atext$btxt$2rdacontent
=337  \\$aunmediated$bn$2rdamedia
=338  \\$avolume$bnc$2rdacarrier
=490  1\$aCorpus scriptorum ecclesiasticorum Latinorum (CSEL),$x1816-3882 ;$vBand 105
=500  \\$aCritical editions of De gratia et libero arbitrio and De praedestinatione sanctorum libri duo.
=546  \\$aTexts in Latin; critical matter and commentary in German.
=504  \\$aIncludes bibliographical references (pages 124-126) and indexes.
=540  \\$aBritish Library not licensed to copy$c0$5Uk
=650  \0$aGrace (Theology)$vEarly works to 1800.
=650  \0$aFree will and determinism$xReligious aspects$vEarly works to 1800.
=650  \0$aPredestination$vEarly works to 1800.
=600  00$aAugustine,$cof Hippo, Saint,$d354-430.$tDe gratia et libero arbitrio.
=600  00$aAugustine,$cof Hippo, Saint,$d354-430.$tDe praedestinatione sanctorum.
=600  00$aAugustine,$cof Hippo, Saint,$d354-430.$tDe dono perseverantiae.
=650  \0$aGrace (Theology)$xHistory of doctrines$yEarly church, ca. 30-600.
=650  \0$aPredestination$xHistory of doctrines$yEarly church, ca. 30-600.
=650  \7$aPredestination.$2fast$0(OCoLC)fst01075012
=650  \7$aGrace (Theology)$2fast$0(OCoLC)fst00945759
=650  \7$aFree will and determinism$xReligious aspects.$2fast$0(OCoLC)fst00933973
=650  \7$aGrace (Theology)$xHistory of doctrines.$2fast$0(OCoLC)fst00945763
=648  \7$a30-600$2fast
=655  \7$aEarly works.$2fast$0(OCoLC)fst01411636
=700  1\$aDrecoll, Volker Henning,$eeditor.
=700  1\$aScheerer, Christoph,$d1977-$eeditor.
=700  1\$aGleede, Benjamin,$eeditor.
=700  02$iContainer of (expression):$aAugustine,$cof Hippo, Saint,$d354-430.$tDe gratia et libero arbitrio.$lLatin.$s(Drecoll and Scheerer)
=700  02$iContainer of (expression):$aAugustine,$cof Hippo, Saint,$d354-430.$tDe praedestinatione sanctorum.$lLatin.$s(Drecoll and Scheerer)
=700  02$iContainer of (expression):$aAugustine,$cof Hippo, Saint,$d354-430.$tDe dono perseverantiae.$lLatin.$s(Drecoll and Scheerer)
=830  \0$aCorpus scriptorum ecclesiasticorum Latinorum ;$vv. 105.
=852  11$aBritish Library$bHMNTS$cSPHOA$kMSS.$270
=852  41$aBritish Library$bHMNTS$jZF.9.a.11298
=852  41$aBritish Library$bDSC$j3472.131000
=CAT  \\$a8197$b40$c20191029$lBLL01$h1218
=CAT  \\$a8197$b40$c20191029$lBLL01$h1219
=CAT  \\$aBATCH-CLA$b00$c20191030$lBLL01$h0149
=CAT  \\$a8256$b40$c20220315$lBLL01$h1609
=CAT  \\$aBATCH-CLA$b00$c20220316$lBLL01$h0117
=CAT  \\$aW2308-1659$c20230923$lBLL01$h0942
=CAT  \\$aBATCH-CLA$b00$c20230924$lBLL01$h0648
=CFI  0\$aBritish Library not licensed to copy$c0$e07-sep-2011$hC$iTX$5Uk
=FIN  \\$aY$d20220315
=SID  \\$aZ39$bLOC
=LAS  \\$aBATCH-CLA$b00$c20230924$lBLL01$h0648

