=LDR  02173cam a2200517 i 4500
=001  019688408
=003  Uk
=005  20220315172348.0
=008  200128m20192022enka\\\\\\\\\|0|0\0|eng\\
=FMT  \\$a  BK
=015  \\$aGBC011357$2bnb
=016  7\$a019688408$2Uk
=020  \\$a9798210055392$qv. V
=040  \\$aUk$beng$cUk$dUk$erda
=042  \\$aukblsr
=082  04$a358.180941$223
=100  1\$aGreen, Phil$q(Philip Anthony),$d1949-$ecompiler,$eeditor.
=245  10$a2nd Royal Tank Regiment :$b... back in the day /$ccompiled and edited by Phil Green.
=246  13$a2nd Battalion, Royal Tank Corps
=264  \1$a[Bridgend] :$bPhil Green,$c2019-[2022]
=300  \\$a5 volumes :$bchiefly illustrations (black and white, and colour) ;$c22 x 25 cm
=336  \\$astill image$2rdacontent
=336  \\$atext$2rdacontent
=337  \\$aunmediated$2rdamedia
=338  \\$avolume$2rdacarrier
=500  \\$aVolume V published: [Great Britain] : Blurb.
=505  0\$av. I. 1918-1962 -- v. II. 1962-1972 -- v. III. 1972-1984 -- v. IV. 1984-2014 -- v. V. Extras...
=650  \0$aTank crews$vPictorial works.
=650  \0$aWorld War, 1914-1918$xRegimental histories$zGreat Britain$vPictorial works.
=610  10$aGreat Britain.$bArmy.$bRoyal Tank Regiment, 2nd$xHistory$vPictorial works.
=650  \0$aWorld War, 1939-1945$xRegimental histories$zGreat Britain$vPictorial works.
=651  \0$aGreat Britain$xHistory, Military$y20th century$vPictorial works.
=852  41$aBritish Library$bHMNTS$jLC.31.a.24384$ivol. I
=852  41$aBritish Library$bHMNTS$jLC.31.a.24386$ivol. III
=852  41$aBritish Library$bHMNTS$jLC.31.a.24385$ivol. II
=852  41$aBritish Library$bHMNTS$jLC.31.a.24387$ivol. IV
=852  41$aBritish Library$bHMNTS$iLC.31.a.24384 vol. V
=CAT  \\$a10812$b40$c20200128$lBLL01$h1024
=CAT  \\$a6989$b40$c20200128$lBLL01$h1458
=CAT  \\$a6989$b40$c20200128$lBLL01$h1511
=CAT  \\$a6989$b40$c20200128$lBLL01$h1543
=CAT  \\$aBATCH-016$c20200129$lBLL01$h2149
=CAT  \\$a9572$b40$c20200225$lBLL01$h1111
=CAT  \\$a6989$b40$c20220315$lBLL01$h1723
=FIN  \\$aY$d20200128
=LAS  \\$a6989$b40$c20220315$lBLL01$h1723

