=LDR  02015cam a2200517 i 4500
=001  019733589
=003  Uk
=005  20220412095851.0
=008  190705s2018\\\\lo\a\\\\\sb\\f0|0\0|eng\\
=FMT  \\$a  BK
=010  \\$a  2019350383
=035  \\$a(OCoLC)1120907511
=040  \\$aDLC$beng$cDLC$dOCLCO$dOCLCF$dUk$erda
=042  \\$aukblsr
=043  \\$af-lo---
=245  00$a2016 Lesotho population and housing census.
=246  3\$aLesotho population projections 2016-2036 report
=264  \1$aMaseru, Lesotho :$bMinistry of Development Planning, Bureau of Statistics,$cFebruary 2018.
=300  \\$avolumes :$billustrations (colour) ;$c29 cm
=336  \\$atext$2rdacontent
=337  \\$aunmediated$2rdamedia
=338  \\$avolume$2rdacarrier
=505  1\$av. IIIA. Analytical report : population dynamics -- v. IIIB. Analytical report : socio-economic characteristics -- v. 4. Census tables -- v. VI. Population projections.
=504  \\$aIncludes bibliographical references.
=650  \0$aHousing$zLesotho$vStatistics.
=651  \0$aLesotho$xCensus, 2016.
=651  \0$aLesotho$xPopulation$vStatistics.
=650  \7$aHousing.$2fast$0(OCoLC)fst00962245
=650  \7$aPopulation.$2fast$0(OCoLC)fst01071476
=651  \7$aLesotho.$2fast$0(OCoLC)fst01208477
=648  \7$a2016$2fast
=655  \7$aCensus data.$2fast$0(OCoLC)fst01411644
=655  \7$aStatistics.$2fast$0(OCoLC)fst01423727
=710  1\$aLesotho.$bBureau of Statistics,$eissuing body.
=710  2\$aUnited Nations Population Fund.
=852  41$aBritish Library$bHMNTS$jOPE.2021.x.64
=852  41$aBritish Library$bHMNTS$jOPE.2021.x.65
=852  41$aBritish Library$bHMNTS$jOPE.2022.x.43$iVol. 6
=852  41$aBritish Library$bHMNTS$iVol. 6
=CAT  \\$a11131$b40$c20200302$lBLL01$h0910
=CAT  \\$a11250$b40$c20210928$lBLL01$h1320
=CAT  \\$a11070$b40$c20220401$lBLL01$h1155
=CAT  \\$a11070$b40$c20220412$lBLL01$h0958
=FIN  \\$aY$d20210928
=SID  \\$aZ39$bOCLC
=LAS  \\$a11070$b40$c20220412$lBLL01$h0958

