=LDR  01712 am a2200445 i 4500
=001  019803560
=003  Uk
=005  20210708095836.0
=008  200531m20192020enka\\\\\b\\\\000\0\eng\d
=FMT  \\$a  BK
=015  \\$aGBC1A8083$2bnb
=020  \\$a9781910767399$qA-K$qpaperback$c£16.00
=020  \\$a1910767395$qA-K$qpaperback$c£16.00
=020  \\$a9781910767443$qL-Z$qpaperback$c£18.00
=020  \\$a1910767441$qL-Z$qpaperback$c£18.00
=040  \\$aUK-WkNB$beng$cUK-WkNB$erda
=042  \\$aukblsr
=082  04$a388.342330942393$223
=245  02$aA Fleet History of Small Operators In Bristol /$cThe PSV Circle Publications Team.
=264  \1$aLondon :$bPublished by The PSV Circle,$c2019-2020.
=300  \\$a2 volumes :$billustrations (black and white, and colour) ;$c21 cm
=336  \\$atext$2rdacontent
=336  \\$astill image$2rdacontent
=337  \\$aunmediated$2rdamedia
=338  \\$avolume$2rdacarrier
=504  \\$aIncludes bibliographical references.
=505  1\$aSGL2 (Operators A to K.) -- SGL3 (Operators L to Z.).
=588  \\$aDescription based on: SGL3 (Operators L-Z).
=650  \0$aBus lines$zEngland$zBristol$xHistory.
=650  \0$aBus lines$zEngland$zBristol$xHistory$vPictorial works.
=710  2\$aPSV Circle.$bPublications Team,$epublisher.
=852  41$aBritish Library$bHMNTS$jYKL.2021.a.3575
=852  41$aBritish Library$bHMNTS$iSGL3 (L-Z)
=CAT  \\$aBATCH-CMLD$b00$c20200606$lBLL01$h1736
=CAT  \\$aBATCH-UPD$b00$c20200606$lBLL01$h1738
=CAT  \\$aBATCH-016$c20200610$lBLL01$h2147
=CAT  \\$a8337$b40$c20200928$lBLL01$h1052
=CAT  \\$a11070$b40$c20210708$lBLL01$h0958
=FIN  \\$aY$d20210708
=LAS  \\$a11070$b40$c20210708$lBLL01$h0958

