=LDR  03265cam a2200541 i 4500
=001  019865693
=003  Uk
=005  20220218091711.0
=008  200321s2020\\\\enkab\\\\b\\\\001\0\eng\d
=FMT  \\$a  BK
=015  \\$aGBC099533$2bnb
=016  7\$a019865693$2Uk
=020  \\$a9780500252475$qhardback
=020  \\$a0500252475$qhardback
=035  \\$a(OCoLC)1145250787
=040  \\$aStDuBDS$beng$cStDuBDS$dUk$erda
=042  \\$aukblcatcopy
=043  \\$ae-uk-en$ae-uk-wl
=050  \4$aG5751.C5$bS77 2020
=082  04$a554.1$223
=245  00$aStrata :$bWilliam Smith's geological maps /$cforeword by Robert Macfarlane.
=264  \1$aLondon :$bThames & Hudson,$c2020.
=300  \\$a256 pages :$billustrations (colour), maps (colour) ;$c38 cm
=336  \\$atext$2rdacontent
=336  \\$astill image$2rdacontent
=336  \\$acartographic image$2rdacontent
=337  \\$aunmediated$2rdamedia
=338  \\$avolume$2rdacarrier
=504  \\$aIncludes bibliographical references and index.
=520  8\$aThis comprehensive evaluation showcases Smith's 1815 hand-coloured map, A Delineation of the Strata of England and Wales, with part of Scotland, displayed in its original 15 sheets with explanatory colour key. 0The introduction traces Smith's early career as a surveyor and engineer, and clarifies his purpose in creating the geological map, including its use in industry, agriculture and the arts. The main part of the book is organized into four geographical sections, each beginning with four sheets from the 1815 map, accompanied by related geological cross sections and county maps (1819-24), and followed by sections of Sowerby's fossil illustrations, organized by strata (1816-19). Interleaved between the map and fossil sections are four essays by leading academics that each focus on the people and industries that benefited from the knowledge imparted by Smith's work during the period of the industrial revolution: the miners searching for minerals and coal, the builders needing freestone, limestone and brick-earth, the farmers seeking fossil manures and the colourmen creating pigments. The book concludes with a reflection on Smith's later work as an itinerant geologist and surveyor, his receipt of the first Wollaston Medal in 1831, and the influence of his geological mapping and biostratigraphical theories on the sciences, culminating in the establishment of the modern geological timescale.
=500  \\$aFormerly CIP.$5Uk
=600  10$aSmith, William,$d1769-1839.
=650  \0$aGeology$zEngland$vMaps.
=650  \0$aGeology$zWales$vMaps.
=600  17$aSmith, William,$d1769-1839$2fast$0(OCoLC)fst00202927
=650  \7$aGeology.$2fast$0(OCoLC)fst00940627
=651  \7$aEngland.$2fast$0(OCoLC)fst01219920
=651  \7$aWales.$2fast$0(OCoLC)fst01207649
=655  \7$aMaps.$2fast$0(OCoLC)fst01423704
=700  1\$aMacfarlane, Robert,$d1976-$ewriter of foreword.
=852  41$aBritish Library$bHMNTS$jLC.31.b.22880
=852  11$aBritish Library$bHMNTS$kMAPS REF$hD.2 (143)
=CAT  \\$aBATCH-CIPN$b00$c20200804$lBLL01$h1700
=CAT  \\$a15001$b40$c20210607$lBLL01$h0920
=CAT  \\$a15308$b40$c20220218$lBLL01$h0917
=FIN  \\$aY$d20220218
=SID  \\$aZ39$bOCLC
=LAS  \\$a15308$b40$c20220218$lBLL01$h0917

