=LDR  03906 am a2200685 i 4500
=001  019931297
=003  Uk
=005  20211026110228.0
=008  200908s1993\\\\xxu\\\\\\b\\\||||\||eng\\
=FMT  \\$a  BK
=010  \\$a  9162828 
=015  \\$aGBC1H5481$2bnb
=016  7\$a019931297$2Uk
=020  \\$a9780870835902$qSet two
=040  \\$aUk$beng$cUk$erda
=041  1\$aeng$hchi
=042  \\$aukblsr
=082  04$a248.4$223
=100  1\$aNee, Watchman,$eauthor.
=245  14$aThe Collected Works of Watchman Nee.$nSet Two (v. 21-46).
=260  \\$aAnaheim, CA :$bLiving Stream Ministry,$c1993.
=300  \\$a26 volumes ;$c23 cm
=336  \\$atext$2rdacontent
=337  \\$aunmediated$2rdamedia
=338  \\$avolume$2rdacarrier
=504  \\$aIncludes bibliographical references.
=500  \\$aTranslated from the Chinese.
=500  \\$aNee Shu-tsu, (called Watchman Nee after his conversion to Christianity), led an indigenous Christian church movement in China called the Little Flock, which was begun as a holiness movement, emphasizing Bible study and evangelism.
=505  0\$av. 21. The Christian (1934-1940) -- v. 22. The assembly life & The prayer ministry of the church -- v. 23. The song of songs & Hymns -- v. 24. The overcoming life -- v. 25. Collection of newsletters (1) -- v. 26. Collection of newsletters (2) & Watchman Nee's testimony -- v. 27. The normal Christian faith -- v. 28. The Gospel of God (1) -- v. 29. The Gospel of God (2) -- v. 30. The normal Christian church life -- v. 31. The open door (1) -- v. 32. The open door (2) -- v. 33. The normal Christian life -- v. 34. The glorious church -- v. 35. The God of Abraham, Isaac, and Jacob -- v. 36. Central messages -- v. 37. General messages (1) -- v. 38. General messages (2) -- v. 39. Sit, walk, stand, & Love not the world -- v. 40. What shall this man do? -- v. 41. Conferences, messages, and fellowship (1) -- v. 42. Conferences, messages, and fellowship (2) -- v. 43. Conferences, messages, and fellowship (3) -- v. 44. Conferences, messages, and fellowship (4) -- v. 45. Conferences, messages, and fellowship (5) -- v. 46. Conferences, messages, and fellowship (6).
=650  \0$aChristian life$xBiblical teaching.
=630  00$aBible$vCommentaries.
=630  00$aBible$vMeditations.
=630  00$aBible$xStudy and teaching.
=852  41$aBritish Library$bHMNTS$iVols. 31-32
=852  41$aBritish Library$bHMNTS$jYKL.2021.a.8973$iVol. 21
=852  41$aBritish Library$bHMNTS$jYKL.2021.a.8974$iVol. 22
=852  41$aBritish Library$bHMNTS$jYKL.2021.a.8975$iVol. 23
=852  41$aBritish Library$bHMNTS$jYKL.2021.a.8976$iVol. 24
=852  41$aBritish Library$bHMNTS$jYKL.2021.a.8977$iVol. 25,26.
=852  41$aBritish Library$bHMNTS$jYKL.2021.a.8978$iVol. 27
=852  41$aBritish Library$bHMNTS$jYKL.2021.a.8979$iVol. 28,29.
=852  41$aBritish Library$bHMNTS$jYKL.2021.a.8980$iVol. 30
=852  41$aBritish Library$bHMNTS$jYKL.2021.a.8982$iVols 31-32
=852  41$aBritish Library$bHMNTS$jYKL.2021.a.8983$iVol. 1
=852  41$aBritish Library$bHMNTS$jYKL.2021.a.8984$iVol. 34
=852  41$aBritish Library$bHMNTS$jYKL.2021.a.8985$iVol. 35
=852  41$aBritish Library$bHMNTS$jYKL.2021.a.8986$iVol. 36
=852  41$aBritish Library$bHMNTS$jYKL.2021.a.8987$iVols 37-38
=852  41$aBritish Library$bHMNTS$jYKL.2021.a.8988$iVol. 39
=852  41$aBritish Library$bHMNTS$jYKL.2021.a.8989$iVol. 40
=852  41$aBritish Library$bHMNTS$jYKL.2021.a.8990$iVols 41-46
=CAT  \\$a10812$b40$c20200909$lBLL01$h0802
=CAT  \\$aBATCH-016$c20200909$lBLL01$h2145
=CAT  \\$a11070$b40$c20211022$lBLL01$h1554
=CAT  \\$a11070$b40$c20211022$lBLL01$h1608
=CAT  \\$a11070$b40$c20211026$lBLL01$h1032
=CAT  \\$a11070$b40$c20211026$lBLL01$h1044
=CAT  \\$a11070$b40$c20211026$lBLL01$h1102
=FIN  \\$aY$d20211022
=LAS  \\$a11070$b40$c20211026$lBLL01$h1102

