=LDR  01522cam a2200421 i 4500
=001  019944889
=003  Uk
=005  20201125134036.0
=008  190812t20192019it\\\\\\\b\\\\001\0\ita\d
=FMT  \\$a  BK
=020  \\$a9788846753304
=020  \\$a8846753305
=035  \\$a(OCoLC)1112072860
=040  \\$aDVP$beng$cDVP$dNARDE$dOCLCF$dC3L$dCGU$dNDD$dRES$dUk$erda
=042  \\$aukblderived
=050  \4$aML405$b.A69 2019
=100  1\$aAntolini, Bianca Maria,$eeditor,$eauthor.
=245  10$aDizionario degli editori musicali italiani :$bdalle origini alla metà del Settecento /$ca cura di Bianca Maria Antolini.
=264  \1$aPisa :$bEdizioni ETS,$c[2019]
=264  \4$c©2019
=300  \\$a796 pages ;$c24 cm
=336  \\$atext$btxt$2rdacontent
=337  \\$aunmediated$bn$2rdamedia
=338  \\$avolume$bnc$2rdacarrier
=500  \\$aAt head of title: Società Italiana di Musicologia.
=504  \\$aIncludes bibliographical referernces and index.
=650  \0$aMusic publishers$zItaly$vDirectories.
=650  \7$aMusic publishers.$2fast$0(OCoLC)fst01030593
=651  \7$aItaly.$2fast$0(OCoLC)fst01204565
=655  \7$aDirectories.$2fast$0(OCoLC)fst01423796
=710  2\$aSocietà italiana di musicologia.
=852  41$aBritish Library$bHMNTS$jYF.2023.a.9064
=852  11$aBritish Library$bHMNTS$kMUS$h338.47
=CAT  \\$aCASALINI$b00$c20200921$lBLL01$h1402
=CAT  \\$a11002$b40$c20201125$lBLL01$h1340
=FIN  \\$aY$d20201125
=SID  \\$aZ39$bOCLC
=LAS  \\$a11002$b40$c20201125$lBLL01$h1340

