=LDR  05065 am a2201321 i 4500
=001  019952341
=003  Uk
=005  20201229115417.0
=008  200824r20201870stk\\\\\|\\\\|0|1\0|eng\d
=FMT  \\$a  BK
=015  \\$aGBC0K3411$2bnb
=016  7\$a019952341$2Uk
=020  \\$a9781848719132$qset
=020  \\$a9781848718890$qv. 1
=020  \\$a9781848718906$qv. 2
=020  \\$a9781848718913$qv. 3
=020  \\$a9781848718920$qv. 4
=020  \\$a9781848718937$qv. 5
=020  \\$a9781848718944$qv. 6
=020  \\$a9781848718951$qv. 7
=020  \\$a9781848718968$qv. 8
=020  \\$a9781848718975$qv. 9
=020  \\$a9781848718999$qv. 10
=020  \\$a9781848719002$qv. 11
=020  \\$a9781848719019$qv. 12
=020  \\$a9781848719026$qv. 13
=020  \\$a9781848719033$qv. 14
=020  \\$a9781848719057$qv. 15
=020  \\$a9781848719064$qv. 16
=020  \\$a9781848719071$qv. 17
=020  \\$a9781848719088$qv. 18
=020  \\$a9781848719095$qv. 19
=020  \\$a9781848719101$qv. 20
=020  \\$a9781848719118$qv. 21
=020  \\$a9781848719125$qv. 22
=040  \\$aStEdALDL$beng$cStEdALDL$dUk$erda
=042  \\$aukblsr
=082  04$a230.5241$223
=100  1\$aManton, Thomas,$d1620-1677.
=240  10$aWorks.$f2020
=245  14$aThe works of Thomas Manton.
=246  1\$iTitle of original work: The$acomplete works of Thomas Manton.
=264  \1$aEdinburgh, UK ;$bBanner of Truth Trust,$c2020.
=300  \\$a22 volumes ;$c23 cm
=336  \\$atext$2rdacontent
=337  \\$aunmediated$2rdamedia
=338  \\$avolume$2rdacarrier
=500  \\$aReprinted as part of 22 volume set; some volumes previously reprinted by Banner of Truth, 1962-1993.
=500  \\$aIncludes indexes.
=534  \\$pFacsimile of (manifestation):$aManton, Thomas, 1620-1677.$tComplete works of Thomas Manton, D.D. / with memoir of the author by the Rev. William Harris, D.D. and an essay by the Rev. J.C. Ryle, B.A., Vicar of Stradbroke, Suffolk.$cLondon : James Nisbet & Co., 21 Berners Street, 1870-1875.
=610  20$aPresbyterian Church of England.
=650  \0$aTheology$vEarly works to 1800.
=650  \0$aSermons, English$y17th century.
=650  \0$aTheology$xHistory$y17th century.
=600  10$aManton, Thomas,$d1620-1677.
=700  12$aHarris, William,$d1675?-1740.$tSome memoirs of the life and character of the referend and learned Thomas Manton.
=700  12$aRyle, J. C.$q(John Charles),$d1816-1900.$tEstimate of Manton.
=700  1\$aBates, William,$d1625-1699.$tFuneral sermon preached upon the death of ... Thomas Manton ... October 18, 1677.
=710  2\$aBanner of Truth Trust,$epublisher.
=852  41$aBritish Library$bHMNTS$jYK.2020.a.2272$ivol. 1
=852  41$aBritish Library$bHMNTS$jYK.2020.a.2273$ivol. 2
=852  41$aBritish Library$bHMNTS$jYK.2020.a.2274$ivol. 3
=852  41$aBritish Library$bHMNTS$jYK.2020.a.2275$ivol. 4
=852  41$aBritish Library$bHMNTS$jYK.2020.a.2276$ivol. 5
=852  41$aBritish Library$bHMNTS$jYK.2020.a.2277$ivol. 6
=852  41$aBritish Library$bHMNTS$jYK.2020.a.2278$ivol. 7
=852  41$aBritish Library$bHMNTS$jYK.2020.a.2279$ivol. 8
=852  41$aBritish Library$bHMNTS$jYK.2020.a.2280$ivol. 9
=852  41$aBritish Library$bHMNTS$jYK.2020.a.2281$ivol. 10
=852  41$aBritish Library$bHMNTS$jYK.2020.a.2282$ivol. 11
=852  41$aBritish Library$bHMNTS$jYK.2020.a.2283$ivol. 12
=852  41$aBritish Library$bHMNTS$jYK.2020.a.2284$ivol. 13
=852  41$aBritish Library$bHMNTS$jYK.2020.a.2285$ivol. 14
=852  41$aBritish Library$bHMNTS$jYK.2020.a.2286$ivol. 15
=852  41$aBritish Library$bHMNTS$jYK.2020.a.2287$ivol. 16
=852  41$aBritish Library$bHMNTS$jYK.2020.a.2288$ivol. 17
=852  41$aBritish Library$bHMNTS$jYK.2020.a.2289$ivol. 18
=852  41$aBritish Library$bHMNTS$jYK.2020.a.2290$ivol. 19
=852  41$aBritish Library$bHMNTS$jYK.2020.a.2291$ivol. 20
=852  41$aBritish Library$bHMNTS$jYK.2020.a.2292$ivol. 21
=852  41$aBritish Library$bHMNTS$jYK.2020.a.2293$ivol. 22
=852  41$aBritish Library$bHMNTS$ivol. 17
=CAT  \\$aBATCH-ALDL$b00$c20200924$lBLL01$h2125
=CAT  \\$aBATCH-UPD$b00$c20200924$lBLL01$h2125
=CAT  \\$a11373$b40$c20201217$lBLL01$h1043
=CAT  \\$a11250$b40$c20201229$lBLL01$h0958
=CAT  \\$a11250$b40$c20201229$lBLL01$h1046
=CAT  \\$a11250$b40$c20201229$lBLL01$h1154
=FIN  \\$aY$d20201229
=LDO  \\$d1/3935424
=LDO  \\$d1/3935425
=LDO  \\$d1/3935426
=LDO  \\$d1/3935427
=LDO  \\$d1/3935428
=LDO  \\$d1/3935429
=LDO  \\$d1/3935430
=LDO  \\$d1/3935431
=LDO  \\$d1/3935432
=LDO  \\$d1/3935433
=LDO  \\$d1/3935434
=LDO  \\$d1/3935435
=LDO  \\$d1/3935436
=LDO  \\$d1/3935437
=LDO  \\$d1/3935438
=LDO  \\$d1/3935439
=LDO  \\$d1/3935440
=LDO  \\$d1/3935442
=LDO  \\$d1/3935443
=LDO  \\$d1/3935444
=LDO  \\$d1/3935445
=LDO  \\$d1/3935446
=SRC  \\$aALDL
=LAS  \\$a11250$b40$c20201229$lBLL01$h1154

