=LDR  01921cam a2200493 i 4500
=001  020193855
=003  Uk
=005  20230412120015.0
=008  210517s2021\\\\ilua\\\\\b\\\|0|1\0|eng\\
=FMT  \\$a  BK
=010  \\$a2020058614
=015  \\$aGBC175372$2bnb
=016  7\$a020193855$2Uk
=020  \\$a9780838949986 :$qpaper$c£65.50
=020  \\$z9780838937815$qpdf
=020  \\$z9780838937792$qepub
=040  \\$aStDuBDS$beng$cStDuBDS$dUk$erda
=042  \\$aukblsr
=082  04$a025.1$223
=100  1\$aFleming-May, Rachel Anne,$eauthor.
=245  10$aFundamentals of planning and assessment for libraries /$cRachel A. Fleming-May and Regina Mays.
=264  \1$aChicago :$bALA Neal-Schuman,$c2021.
=300  \\$ax, 254 pages :$billustrations (black and white) ;$c23 cm.
=336  \\$atext$2rdacontent
=337  \\$aunmediated$2rdamedia
=338  \\$avolume$2rdacarrier
=490  0\$aALA fundamentals series
=530  \\$aAlso published electronically.
=500  \\$aFormerly CIP.$5Uk
=504  \\$aIncludes bibliographical references and index.
=530  \\$aAlso issued online.
=520  \\$a"This text provides a guide to responsive and responsible planning and assessment"--$cProvided by publisher.
=650  \0$aLibrary planning$zUnited States.
=650  \0$aLibraries$zUnited States$xEvaluation.
=700  1\$aMays, Regina,$d1973-$eauthor.
=776  08$iOnline version:$aFleming-May, Rachel Anne.$tFundamentals of planning and assessment for libraries$w(DLC)  2020058615$dChicago : ALA Neal-Schuman, 2021$z9780838937815
=852  41$aBritish Library$bHMNTS$jYKL.2023.a.11200
=852  11$aBritish Library$bHMNTS$kHUR$h025.1
=CAT  \\$aBATCH-CIPN$b00$c20210518$lBLL01$h1700
=CAT  \\$a8337$b40$c20220627$lBLL01$h1154
=CAT  \\$a8317$b40$c20230324$lBLL01$h1131
=CAT  \\$a9666$b40$c20230412$lBLL01$h1200
=FIN  \\$aY$d20230324
=LAS  \\$a9666$b40$c20230412$lBLL01$h1200

