=LDR  01752cam a22004577i 4500
=001  020246949
=003  Uk
=005  20230924064834.0
=008  210619s2021\\\\gw\\\\\\\\\\\\000\0\ger\d
=FMT  \\$a  BK
=016  7\$a123015390X$2DE-101
=020  \\$a9783110747195$qv. 1$qhardbound
=020  \\$a3110747197
=024  3\$a9783110747195
=035  \\$a(OCoLC)1257241381
=040  \\$aOHX$beng$cOHX
=072  \7$aBX$2lcco
=072  \7$aBR$2lcco
=072  \7$aZ$2lcco
=100  1\$aAmbrose, Saint, Bishop of Milan.
=245  10$aOrationes funebres--I. In psalmum 61/De obitu Gratiani/De consolatione Valentiniani/De obitu Valentiniani/De obitu Theodosii /$cAmbrosius Mediolanensis ; ediert von Victoria Zimmerl-Panagl.
=264  \1$aBerlin :$bDe Gruyter,$c[2021]
=264  \4$c©2021
=300  \\$axii, 263 pages :$bsome diagrams ;$c25 cm
=336  \\$atext$btxt$2rdacontent
=337  \\$aunmediated$bn$2rdamedia
=338  \\$avolume$bnc$2rdacarrier
=490  0\$aCorpus scriptorum ecclesiasticorum latinorum,$x1816-3882 ;$vBand 106
=504  \\$aIncludes bibliographical references (pages 247-256) and index.
=540  \\$aBritish Library not licensed to copy$c0$5Uk
=776  08$ielectronic book (general) version$z9783110747355
=852  11$aBritish Library$bHMNTS$cSPHOA$kMSS.$270
=852  41$aBritish Library$bHMNTS$jZF.9.a.11298
=852  41$aBritish Library$bDSC$j3472.131000
=CAT  \\$a8197$b40$c20210706$lBLL01$h1014
=CAT  \\$aBATCH-CLA$b00$c20210707$lBLL01$h0127
=CAT  \\$aW2308-1659$c20230923$lBLL01$h0947
=CAT  \\$aBATCH-CLA$b00$c20230924$lBLL01$h0648
=CFI  0\$aBritish Library not licensed to copy$c0$e07-sep-2011$hC$iTX$5Uk
=SID  \\$aZ39$bOCLC
=LAS  \\$aBATCH-CLA$b00$c20230924$lBLL01$h0648

