=LDR  01441cam a2200421 i 4500
=001  020256561
=003  Uk
=005  20221117091144.0
=008  210422s2021\\\\enka\\\\\b\\\\001|0|eng|d
=FMT  \\$a  BK
=015  \\$aGBC1A9426$2bnb
=016  7\$a020256561$2Uk
=020  \\$a9780712354608 (hbk.) :$c£30.00
=040  \\$aStDuBDS$beng$cStDuBDS$dUk$erda
=042  \\$aukblcatcopy
=082  04$a398.2$223
=100  1\$aWestwell, Chantry,$eauthor.
=245  10$aDragons, heroes, myths & magic :$bthe Medieval art of storytelling /$cChantry Westwell.
=264  \1$aLondon :$bBritish Library Publishing,$c2021.
=300  \\$a384 pages :$billustrations (colour) ;$c24 cm
=336  \\$atext$2rdacontent
=336  \\$astill image$2rdacontent
=337  \\$aunmediated$2rdamedia
=338  \\$avolume$2rdacarrier
=504  \\$aIncludes bibliographical references and index.
=500  \\$aFormerly CIP.$5Uk
=650  \0$aFolklore.
=650  \0$aStorytelling.
=650  \0$aLiterature, Medieval.
=650  \0$aLiterature, Medieval$vStories, plots, etc.
=650  \0$aIllumination of books and manuscripts, Medieval.
=852  41$aBritish Library$bHMNTS$jYKL.2022.a.32862
=852  11$aBritish Library$bHMNTS$kMSS$h800
=CAT  \\$aBATCH-CIPN$b00$c20210713$lBLL01$h1700
=CAT  \\$a11373$b40$c20220401$lBLL01$h1134
=CAT  \\$a14710$b40$c20221117$lBLL01$h0911
=FIN  \\$aY$d20221117
=LAS  \\$a14710$b40$c20221117$lBLL01$h0911

