=LDR  02327cam a2200589 i 4500
=001  020291097
=003  Uk
=005  20231014124830.0
=008  210804m20219999nyua\\\\\6\\\|000|1|eng\d
=FMT  \\$a  BK
=015  \\$aGBC1D2763$2bnb
=016  7\$a020291097$2Uk
=020  \\$a9781975336714$qv. 1$qpaperback :$c£9.99
=020  \\$z9781975336721$qv. 1$qebook
=020  \\$a9781975336738$qv. 2$qpaperback :$c£9.99
=020  \\$a9781975336752$qv. 3$qpaperback :$c£10.99
=020  \\$z9781975336684$qv. 3$qebook
=020  \\$a9781975342784$qv. 4$qpaperback :$c£10.99
=040  \\$aStDuBDS$beng$cStDuBDS$dUk$erda
=041  1\$aeng$hjpn
=042  \\$aukblsr
=082  04$a741.5952$223
=100  1\$aBaba, Okina,$eauthor.
=240  10$aKumo desuga, nani ka? (Manga).$lEnglish
=245  10$aSo I'm a spider, so what? :$bthe daily lives of the Kumoko sisters /$cart, Gratinbird ; original story, Okina Baba ; character design, Tsukasa Kiryu, Asahiro Kakashi ; translation, Jenny McKeon ; lettering, Bianca Pistillo.
=264  \1$aNew York, NY :$bYen Press,$cOctober 2021-
=300  \\$a4 volumes :$bchiefly illustrations (black and white) ;$c20 cm
=336  \\$astill image$2rdacontent
=336  \\$atext$2rdacontent
=337  \\$aunmediated$2rdamedia
=338  \\$avolume$2rdacarrier
=500  \\$aTranslated from the Japanese.
=500  \\$aThis book is printed "manga-style" in the authentic Japanese right-to-left format.
=500  \\$aFormerly CIP.$5Uk
=655  \7$aFantasy comics.$2fast$0(OCoLC)fst01921655
=655  \7$aGraphic novels.$2fast$0(OCoLC)fst01726630
=655  \7$aManga.$2fast$0(OCoLC)fst02061040
=655  \7$aTranslations.$2fast$0(OCoLC)fst01423791
=700  0\$aGratinbird,$eartist.
=700  1\$aKiryu, Tsukasa,$edesigner.
=700  1\$aKakashi, Asahiro,$d1974-$edesigner.
=700  1\$aMcKeon, Jenny,$etranslator.
=700  1\$aPistillo, Bianca,$eletterer.
=852  41$aBritish Library$bHMNTS$jYKL.2023.a.5915
=852  41$aBritish Library$bHMNTS$iv. 3
=CAT  \\$aBATCH-CIPN$b00$c20210810$lBLL01$h1751
=CAT  \\$a11373$b40$c20220613$lBLL01$h1159
=CAT  \\$a6989$b40$c20230206$lBLL01$h1742
=CAT  \\$a6989$b40$c20231014$lBLL01$h1210
=CAT  \\$a6989$b40$c20231014$lBLL01$h1248
=FIN  \\$aY$d20230206
=LAS  \\$a6989$b40$c20231014$lBLL01$h1248

