=LDR  02847cam a2200541 i 4500
=001  020332945
=003  Uk
=005  20211019105016.0
=008  210430s2021\\\\cau\\\\\\b\\\\001\0\eng\\
=FMT  \\$a  BK
=010  \\$a  2021011942
=020  \\$a9781634000956$q(paperback)
=040  \\$aDLC$beng$cDLC$dUk$erda
=042  \\$aukblcatcopy
=043  \\$an-us---
=050  00$aZ675.U5$bH453 2021
=082  00$a027.70973$223
=100  1\$aHeinbach, Chelsea,$eauthor.
=245  10$aDismantling deficit thinking in academic libraries :$btheory, reflection, and action /$cChelsea Heinbach, Rosan Mitola, and Erin Rinto.
=264  \1$aSacramento, CA :$bLibrary Juice Press,$c2021.
=300  \\$axiii, 145 pages ;$c21 cm
=336  \\$atext$btxt$2rdacontent
=336  \\$atext$2rdacontent
=337  \\$aunmediated$bn$2rdamedia
=337  \\$aunmediated$2rdamedia
=338  \\$avolume$bnc$2rdacarrier
=338  \\$avolume$2rdacarrier
=520  \\$a"Explores the history of deficit thinking in higher education. Discusses pedagogical models that recognize students' prior knowledge and experiences. Provides a series of principles for anti-deficit teaching. Explores practical application of these principles in various academic library environments"--$cProvided by publisher.
=504  \\$aIncludes bibliographical references and index.
=505  0\$aSection 1. Deficit Thinking in Higher Education -- Perspectives from the Field : Challenges to Dismantling Deficit Thinking -- Section 2. Pedagogies and Principles that Dismantle Deficit Thinking -- Perspectives from the Field : Incorporating Anti-deficit Principles and Mindsets into Practice -- Section 3. Strategies for Dismantling Deficit Thinking -- Perspectives from the Field : What We Are Inspired By -- Conclusion : A Call to Action -- Perspectives from the Field : Advice for Educators -- Appendix : Reflective Inventory.
=650  \0$aAcademic libraries$xAims and objectives$zUnited States.
=650  \0$aAcademic libraries$xRelations with faculty and curriculum$zUnited States.
=650  \0$aAcademic libraries$xSocial aspects$zUnited States.
=650  \0$aInformation literacy$xStudy and teaching (Higher)$zUnited States.
=650  \0$aInstruction librarians$zUnited States$xAttitudes.
=650  \0$aDiscrimination in higher education$zUnited States.
=650  \0$aReflective teaching$zUnited States.
=650  \0$aCritical pedagogy$zUnited States.
=700  1\$aMitola, Rosan,$eauthor.
=700  1\$aRinto, Erin,$eauthor.
=852  41$aBritish Library$bDSC$jm21/.11167
=852  11$aBritish Library$bHMNTS$kHUR$h027.70973
=CAT  \\$a15184$b40$c20210921$lBLL01$h1053
=CAT  \\$aCOUTTS-2$b00$c20211006$lBLL01$h2021
=CAT  \\$a11131$b40$c20211019$lBLL01$h1050
=FIN  \\$aY$d20211019
=SRC  \\$aBLL02
=LAS  \\$a11131$b40$c20211019$lBLL01$h1050

