=LDR  01486cam a2200433 i 4500
=001  020350265
=003  Uk
=005  20221010133413.0
=008  210827s2021\\\\maua\\\\\b\\\\001|0|eng|d
=FMT  \\$a  BK
=015  \\$aGBC1G6632$2bnb
=016  7\$a020350265$2Uk
=020  \\$a9781647821753 :$q(pbk.)$c£14.99
=020  \\$z9781647821760 (eisbn)
=040  \\$aStDuBDS$beng$cStDuBDS$dUk$erda
=042  \\$aukblcatcopy
=082  04$a658.514$223
=245  04$aThe year in tech, 2022 :$bthe insights you need from Harvard Business Review.
=264  \1$aBoston :$bHarvard Business Review Press,$c2021.
=300  \\$axviii, 156 pages :$billustrations ;$c21 cm.
=336  \\$atext$2rdacontent
=337  \\$aunmediated$2rdamedia
=338  \\$avolume$2rdacarrier
=490  0\$aHBR insights series
=530  \\$aAlso issued online.
=500  \\$aFormerly CIP.$5Uk
=504  \\$aIncludes bibliographical references and index.
=650  \0$aBusiness$xTechnological innovations.
=650  \0$aIndustrial management.
=650  \0$aSuccess in business.
=690  7\$aManagement and Business Studies$2blcoll
=852  11$aBritish Library$bSTI$cBIPC$kSBH.$kPDIP.165
=852  41$aBritish Library$bHMNTS$jYK.2023.a.1804
=CAT  \\$aBATCH-CIPN$b00$c20211005$lBLL01$h1701
=CAT  \\$a11131$b40$c20220912$lBLL01$h0937
=CAT  \\$aBATCH-MBS$c20220923$lBLL01$h2141
=CAT  \\$a11237$b40$c20221010$lBLL01$h1334
=FIN  \\$aY$d20220912
=LAS  \\$a11237$b40$c20221010$lBLL01$h1334

