=LDR  01964cam a2200529 i 4500
=001  020355228
=003  Uk
=005  20230223172415.0
=008  211011s2020\\\\enk\\\\\\\\\\|0|0\0|eng\\
=FMT  \\$a  BK
=015  \\$aGBC1H2432$2bnb
=016  7\$a020355228$2Uk
=020  \\$a9781914046445$qv. 1$qpaperback
=020  \\$a9781914046452$qv. 2$qpaperback
=020  \\$a9781914046469$qv. 3$qpaperback
=020  \\$a9781914046476$qv. 4$qpaperback
=020  \\$a9781914046483$qv. 5$qpaperback
=020  \\$a9781914046490$qv. 6$qpaperback
=040  \\$aUk$beng$cUk$erda
=042  \\$aukblsr
=082  04$a641.77$223
=100  1\$aToro, Manuel del,$eauthor.
=245  10$aAir fryer cookbook :$b100 delicious, quick & easy recipes for beginners and advanced users /$cChef Manual del Toro.
=264  \1$a[Great Britain] :$bChef Manuel del Toro,$c[2020?]
=300  \\$a6 volumes ;$c28 cm
=336  \\$atext$2rdacontent
=337  \\$aunmediated$2rdamedia
=338  \\$avolume$2rdacarrier
=650  \0$aHot air frying.
=650  \0$aQuick and easy cooking.
=655  \7$aCookbooks.$2fast$0(OCoLC)fst01752725
=852  41$aBritish Library$bHMNTS$jYKL.2021.b.4361$ivol. 6
=852  41$aBritish Library$bHMNTS$jYKL.2021.b.4356$ivol. 1
=852  41$aBritish Library$bHMNTS$jYKL.2021.b.4357$ivol. 2
=852  41$aBritish Library$bHMNTS$jYKL.2021.b.4358$ivol. 3
=852  41$aBritish Library$bHMNTS$jYKL.2021.b.4359$ivol. 4
=852  41$aBritish Library$bHMNTS$jYKL.2021.b.4360$ivol. 5
=852  41$aBritish Library$bHMNTS$ivol. 3
=985  \\$aUpdated by MS generated file for WR2302-017
=CAT  \\$a8337$b40$c20211011$lBLL01$h1358
=CAT  \\$a8337$b40$c20211011$lBLL01$h1411
=CAT  \\$aBATCH-016$c20211013$lBLL01$h2148
=CAT  \\$a11250$b40$c20211019$lBLL01$h1412
=CAT  \\$aBATCH-016$c20211020$lBLL01$h2229
=CAT  \\$aW2302-0174$c20230223$lBLL01$h2055
=FIN  \\$aY$d20211019
=LAS  \\$aW2302-0174$b00$c20230223$lBLL01$h2055

