=LDR  04074cam a2200589 i 4500
=001  020517672
=003  Uk
=005  20230715123518.0
=008  220315t20222022enka\\\\\b\\\\001\0\eng\d
=FMT  \\$a  BK
=010  \\$a  2020415791
=015  \\$aGBC243885$2bnb
=016  7\$a020517672$2Uk
=020  \\$a9780712354363 :$qhardback$c£25.00
=020  \\$a0712354360$qhardback$c£25.00
=035  \\$a(OCoLC)1303556914$z(OCoLC)1303667328$z(OCoLC)1338200657
=040  \\$aStDuBDS$beng$cStDuBDS$dUk$erda
=042  \\$aukblcatcopy
=050  \4$aZ105$b.S255 2022
=082  04$a091$223
=100  1\$aSandler, Lucy Freeman,$eauthor.
=245  10$aPenned & painted :$bthe art and meaning of books in medieval and renaissance manuscripts /$cLucy Freeman Sandler.
=246  3\$aPenned and painted
=246  30$aArt and meaning of books in medieval and renaissance manuscripts
=264  \1$aLondon :$bBritish Library,$c2022.
=264  \4$c©2022
=300  \\$a176 pages :$billustrations (colour) ;$c26 cm
=336  \\$atext$2rdacontent
=336  \\$astill image$2rdacontent
=337  \\$aunmediated$2rdamedia
=338  \\$avolume$2rdacarrier
=504  \\$aIncludes bibliographical references (pages 166-167) and indexes.
=520  3\$a"Penned & Painted is a beautifully produced, large format book in which one of the most celebrated historians of medieval art surveys one of the world's great collections and asks 'what is a medieval book?'. The idea of the book was central throughout the western European and the eastern Mediterranean world in the Middle Ages and the Renaissance. From the beginning, the word for 'book'-- sefer in Hebrew, biblia in Greek, and liber in Latin -- was identified with sacred writings -- the Holy Scriptures of Jews and Christians, who were known as 'people of the book'. The centrality of the book to medieval thought is reflected materially in the countless images of books that appear in the manuscripts of the era, be they in the most treasured, highly decorated, sacred texts or in devotional and secular works as well. In Penned & Painted, Lucy Freeman Sandler, one of one of the world's most respected authorities on medieval art, takes us on a personal but highly insightful exploration of some of the British Library's most precious manuscript holdings and describes the many uses and meanings of these 'books in books'. Through the fascinating face-to-face discovery of 60 manuscripts, she investigates the various types and forms of books as depicted in the era. How were they produced and what did they look like? What do they tell us of the lives and skills of the scribes and illuminators? What did these books record and signify? How were they displayed, consumed and how did some of these objects of supreme beauty even come to be wantonly destroyed? Penned & Painted is presented in full-colour throughout and includes a high number of images specially photographed for this volume." --$cPublisher's website.
=505  0\$aBooks as symbols. The word of God ; The law of the Lord ; The Virgin Mary's reading ; Books of the virtuous and the sinful life ; Books themselves -- Books in use. Scribes and authors ; Teachers ; Readers ; Presentation of books ; Books in liturgical and secular use ; Salvage and destruction of books.
=500  \\$aFormerly CIP.$5Uk
=650  \0$aManuscripts, Medieval.
=650  \0$aBooks$xHistory$y400-1450.
=650  \0$aBooks$zEurope$xHistory$y400-1450.
=650  \0$aIllumination of books and manuscripts, Medieval.
=650  \0$aReading in art.
=650  \0$aBooks in art.
=650  \6$aManuscrits médiévaux.
=650  \7$aManuscripts, Medieval.$2fast$0(OCoLC)fst01008422
=852  11$aBritish Library$bHMNTS$kMSS$h700
=852  41$aBritish Library$bHMNTS$jYC.2023.b.779
=CAT  \\$aBATCH-CIPN$b00$c20220315$lBLL01$h1700
=CAT  \\$a11237$b40$c20221013$lBLL01$h1207
=CAT  \\$a11131$b40$c20230209$lBLL01$h0953
=CAT  \\$a6632$b40$c20230715$lBLL01$h1235
=FIN  \\$aY$d20230209
=SID  \\$aZ39$bOCLC
=LAS  \\$a6632$b40$c20230715$lBLL01$h1235

