=LDR  01990cam a2200517 i 4500
=001  020537521
=003  Uk
=005  20230117124707.0
=008  211209s2020\\\\cc\\\\\\\\\\\\001\0\chi\d
=FMT  \\$a  BK
=020  \\$a9787501371907 (set)
=020  \\$a7501371903 (set)
=035  \\$a(OCoLC)1287989803$z(OCoLC)1287231942
=040  \\$aCUY$beng$cCUY$dCNPIT$dOCLCF$dOCLCO$erda
=043  \\$ae-uk---
=100  1\$6880-01$aLiao, Kebin,$eauthor.
=245  10$6880-02$aYingguo guo jia tu shu guan cang Zhong wen gu ji mu lu /$cLiao Kebin [and 3 others] bian zhu.
=250  \\$6880-03$aDi 1 ban.
=264  \1$6880-04$aBeijing Shi :$bGuo jia tu shu guan chu ban she,$c2020.
=300  \\$a2 volumes ;$c27 cm.
=336  \\$atext$btxt$2rdacontent
=337  \\$aunmediated$bn$2rdamedia
=338  \\$avolume$bnc$2rdacarrier
=490  0\$6880-05$aHai wai Zhonghua gu ji shu zhi shu mu cong kan
=500  \\$aIncludes index.
=650  \0$aRare books$zChina$vCatalogs.
=650  \0$aChinese imprints$vBibliography$vCatalogs.
=610  20$aBritish Library$vCatalogs.
=610  27$aBritish Library$2fast$0(OCoLC)fst00563007
=650  \7$aChinese imprints.$2fast$0(OCoLC)fst00857375
=650  \7$aRare books.$2fast$0(OCoLC)fst01090104
=651  \7$aChina.$2fast$0(OCoLC)fst01206073
=655  \7$aBibliographies.$2fast$0(OCoLC)fst01919895
=655  \7$aCatalogs.$2fast$0(OCoLC)fst01423692
=880  1\$6100-01$a廖可斌,$eauthor.
=880  10$6245-02$a英国国家图书馆藏中文古籍目录 /$c廖可斌[and 3 others]编著.
=880  \\$6250-03$a第1版.
=880  \1$6264-04$a北京市 :$b国家图书馆出版社,$c2020.
=880  0\$6490-05$a海外中华古籍书志书目丛刊
=852  41$aBritish Library$bOC$jCHI.2022.b.158
=852  41$aBritish Library$bOC$kOIK$h011.295
=CAT  \\$a10503$b40$c20220331$lBLL01$h1454
=CAT  \\$a14230$b40$c20230117$lBLL01$h1247
=FIN  \\$aY$d20230117
=SID  \\$aZ39$bOCLC
=LAS  \\$a14230$b40$c20230117$lBLL01$h1247

