=LDR  01642cam a2200421 i 4500
=001  020571350
=003  Uk
=005  20221108165702.0
=008  220304s2022\\\\nyua\\\\\b\\\|001|0|eng|d
=FMT  \\$a  BK
=015  \\$aGBC276209$2bnb
=016  7\$a020571350$2Uk
=020  \\$a9780197618684$qcased :$c£16.99
=040  \\$aStDuBDS$beng$cStDuBDS$dUk$erda
=042  \\$aukblsr
=082  04$a261.7$223
=100  1\$aGorski, Philip S.,$eauthor.$1https://isni.org/isni/000000003534228X
=245  14$aThe flag and the cross :$bwhite Christian nationalism and the threat to American democracy /$cPhilip S. Gorski and Samuel L. Perry ; foreword by Jemar Tisby.
=264  \1$aNew York, NY :$bOxford University Press,$c[2022]
=300  \\$axii, 157 pages :$billustrations (black and white) ;$c22 cm
=336  \\$atext$2rdacontent
=337  \\$aunmediated$2rdamedia
=338  \\$avolume$2rdacarrier
=504  \\$aIncludes bibliographical references and index.
=500  \\$aFormerly CIP.$5Uk
=650  \0$aChristianity and politics$zUnited States.
=650  \0$aWhite nationalism$zUnited States.
=650  \0$aNationalism$zUnited States$xReligious aspects.
=651  \0$aUnited States$xPolitics and government$y21st century.
=651  \0$aUnited States$xReligious life and customs.
=700  1\$aPerry, Samuel L.,$eauthor.
=852  11$aBritish Library$bSTI$cBIPC
=852  41$aBritish Library$bHMNTS$jYD.2023.a.202
=CAT  \\$aBATCH-CIPN$b00$c20220503$lBLL01$h1700
=CAT  \\$aBATCH-UPD$b00$c20220503$lBLL01$h1701
=CAT  \\$a6989$b40$c20221108$lBLL01$h1657
=FIN  \\$aY$d20221108
=LAS  \\$a6989$b40$c20221108$lBLL01$h1657

