=LDR  01346pam a2200397 i 4500
=001  017409332
=003  Uk
=005  20160324094335.0
=008  150402s2015\\\\enka\\\\\b\\\\001\0\eng\d
=FMT  \\$a  BK
=015  \\$aGBB580976$2bnb
=016  7\$a017409332$2Uk
=020  \\$a9781783270590 (hardback) :$c£50.00
=040  \\$aStDuBDS$beng$cStDuBDS$dUk$erda
=042  \\$aukblsr
=082  04$a780.92$223
=100  1\$aHuss, Fabian,$eauthor.
=245  14$aThe music of Frank Bridge /$cFabian Huss.
=264  \1$aWoodbridge :$bThe Boydell Press,$c2015.
=300  \\$ax, 249 pages :$billustrations (black and white) ;$c25 cm
=336  \\$atext$2rdacontent
=336  \\$astill image$2rdacontent
=337  \\$aunmediated$2rdamedia
=338  \\$avolume$2rdacarrier
=504  \\$aIncludes bibliographical references and index.
=500  \\$aFormerly CIP.$5Uk
=600  10$aBridge, Frank,$d1879-1941.
=650  \0$aMusic$zEngland$y20th century$xHistory and criticism.
=852  11$aBritish Library$bHMNTS$kMUS$h789$mBRID
=852  41$aBritish Library$bHMNTS$jYC.2016.a.5231
=CAT  \\$aBATCH-CIPN$b00$c20150623$lBLL01$h1701
=CAT  \\$a11029$b40$c20151030$lBLL01$h1334
=CAT  \\$a11325$b40$c20160324$lBLL01$h0943
=CAT  \\$aWR16_021$c20160718$lBLL01$h1803
=FIN  \\$aY$d20160324
=LAS  \\$aWR16_021$b00$c20160718$lBLL01$h1803

