=LDR  01813pam a2200457 i 4500
=001  017434343
=003  Uk
=005  20170103131351.0
=008  150626s2015\\\\enk\\\\\\b\\\\001|0|eng|d
=FMT  \\$a  BK
=015  \\$aGBB587906$2bnb
=016  7\$a017434343$2Uk
=020  \\$a9780199676187 (hbk.) :$c£55.00
=040  \\$aStDuBDS$beng$cStDuBDS$dUk$erda
=042  \\$aukblcatcopy
=082  04$a302.230941$223
=245  00$aMaking news :$bthe political economy of journalism in Britain and America from the glorious revolution to the internet /$cedited by Richard R. John and Jonathan Silberstein-Loeb.
=264  \1$aOxford :$bOxford University Press,$c2015.
=300  \\$a263 pages ;$c24 cm
=336  \\$atext$2rdacontent
=337  \\$aunmediated$2rdamedia
=338  \\$avolume$2rdacarrier
=504  \\$aIncludes bibliographical references and index.
=500  \\$aFormerly CIP.$5Uk
=650  \0$aJournalism$xPolitical aspects$zGreat Britain$xHistory.
=650  \0$aJournalism$xPolitical aspects$zUnited States$xHistory.
=650  \0$aPress and politics$zGreat Britain$xHistory.
=650  \0$aPress and politics$zUnited States$xHistory.
=650  \0$aMass media$xPolitical aspects$zGreat Britain$xHistory.
=650  \0$aMass media$xPolitical aspects$zUnited States$xHistory.
=700  1\$aJohn, Richard R.,$d1959-$eeditor.
=700  1\$aSilberstein-Loeb, Jonathan,$d1981-$eeditor.
=852  41$aBritish Library$bHMNTS$jYC.2017.a.88
=852  11$aBritish Library$bHMNTS$kNRR$h302.23
=CAT  \\$aBATCH-CIPN$b00$c20150707$lBLL01$h1700
=CAT  \\$a9592$b40$c20151109$lBLL01$h1347
=CAT  \\$a11002$b40$c20160519$lBLL01$h0947
=CAT  \\$aWR16_021$c20160718$lBLL01$h1804
=CAT  \\$a6162$b40$c20170103$lBLL01$h1313
=FIN  \\$aY$d20160519
=LAS  \\$a6162$b40$c20170103$lBLL01$h1313

