=LDR  01905pam a2200505 i 4500
=001  017468619
=003  Uk
=005  20160222124804.0
=008  150520r20152014stkab\\\\b\\\\001\0\eng\d
=FMT  \\$a  BK
=015  \\$aGBB5A2221$2bnb
=016  7\$a017468619$2Uk
=020  \\$a9780008147792 (hardback) :$c£30.00
=040  \\$aStDuBDS$beng$cStDuBDS$dUk$erda
=042  \\$aukblsr
=082  04$a911$223
=245  00$aHistory of the world in maps :$bthe rise and fall of empires, countries and cities /$cproject leader and chief editor: Mick Ashworth ; history editor and main contributor: Philip Parker.
=264  \1$aGlasgow :$bTimes Books,$c2015.
=300  \\$a256 pages :$billustrations (colour), maps (black and white, and colour) ;$c34 cm
=336  \\$atext$2rdacontent
=336  \\$astill image$2rdacontent
=336  \\$acartographic image$2rdacontent
=337  \\$aunmediated$2rdamedia
=338  \\$avolume$2rdacarrier
=500  \\$aAt head of title: "The Times".
=500  \\$aMaps on endpapers.
=500  \\$aTimeline on dust jacket flaps.
=500  \\$aOriginally published: 2014.
=500  \\$aFormerly CIP.$5Uk
=504  \\$aIncludes bibliographical references and index.
=650  \0$aWorld history$vMaps.
=650  \0$aHistorical geography$vMaps.
=700  1\$aAshworth, Mick$c(Cartographer),$eeditor.
=700  1\$aParker, Philip,$d1965-$eeditor.
=852  11$aBritish Library$bMAPS$kMaps Ref:$hD.2(123)
=852  41$aBritish Library$bMAPS$jMaps.241.b.51
=CAT  \\$aBATCH-CIPN$b00$c20150805$lBLL01$h0905
=CAT  \\$a10812$b40$c20151209$lBLL01$h1150
=CAT  \\$a11384$b40$c20160210$lBLL01$h1157
=CAT  \\$a11384$b40$c20160218$lBLL01$h1601
=CAT  \\$a7034$b40$c20160219$lBLL01$h1120
=CAT  \\$a6491$b40$c20160222$lBLL01$h1248
=CAT  \\$aWR16_021$c20160718$lBLL01$h1808
=FIN  \\$aY$d20160219
=LAS  \\$aWR16_021$b00$c20160718$lBLL01$h1808

