=LDR  01861pam a2200517 i 4500
=001  017484655
=003  Uk
=005  20160125121542.0
=008  150615s2015\\\\stkabch\\b\\\\001\0\eng\d
=FMT  \\$a  BK
=015  \\$aGBB5A7911$2bnb
=016  7\$a017484655$2Uk
=020  \\$a9780008141301 (hardback) :$c£25.00
=020  \\$z9780008165062 (ePub ebook) :$cNo price
=035  \\$a(StEdNL)6215767
=040  \\$aStDuBDS$beng$cStDuBDS$dStEdNL$dUk$erda
=042  \\$aukscp
=043  \\$ae-uk---
=082  04$a940.5472$223
=100  10$aBond, Barbara A.,$eauthor.
=245  10$aGreat escapes /$cBarbara A. Bond.
=246  1\$iOn cover:$aGreat escapes :$bthe story of MI9's Second World War escape and evasion maps
=264  \1$aGlasgow :$bTimes Books,$c2015.
=300  \\$a263 pages :$billustrations (some colour), facsimiles (some colour), maps (chiefly colour), portraits ;$c26 cm
=336  \\$atext$2rdacontent
=336  \\$acartographic image$2rdacontent
=336  \\$astill image$2rdacontent
=337  \\$aunmediated$2rdamedia
=338  \\$avolume$2rdacarrier
=530  \\$aAlso issued online.
=500  \\$aAt head of title: The Times.
=504  \\$aIncludes bibliographical references (page 247-254) and index.
=610  10$aGreat Britain.$bMI9$xHistory.
=650  \0$aWorld War, 1939-1945$xMaps.
=650  \0$aPrisoner-of-war escapes.
=776  08$iebook version :$z9780008165062
=852  11$aBritish Library$bMAPS$kMaps Ref:$hD.2(122)
=852  41$aBritish Library$bHMNTS$jYC.2016.b.192
=CAT  \\$aBATCH-CIPN$b00$c20150812$lBLL01$h0902
=CAT  \\$aBATCH-CIPC$b00$c20151013$lBLL01$h1702
=CAT  \\$a11312$b40$c20151125$lBLL01$h1601
=CAT  \\$a7034$b40$c20160125$lBLL01$h1215
=CAT  \\$aWR16_021$c20160719$lBLL01$h1803
=FIN  \\$aY$d20160125
=SRC  \\$aLDL
=LAS  \\$aWR16_021$b00$c20160719$lBLL01$h1803

