=LDR  01465pam a2200397 i 4500
=001  017485028
=003  Uk
=005  20170208094006.0
=008  150615s2015\\\\enka\\\\\b\\\\001|0|eng|d
=FMT  \\$a  BK
=015  \\$aGBB5A8284$2bnb
=016  7\$a017485028$2Uk
=020  \\$a9780500518106 (hbk.) :$c£19.95
=040  \\$aStDuBDS$beng$cStDuBDS$dUk$erda
=042  \\$aukblcatcopy
=082  04$a617.09034$223
=100  1\$aBarnett, Richard,$d1980-$eauthor.
=245  10$aCrucial interventions :$ban illustrated treatise on the principles & practice of nineteenth-century surgery /$cby Richard Barnett ; with a foreword by Roger L. Kneebone.
=264  \1$aLondon :$bThames and Hudson,$c2015.
=300  \\$a255 pages :$billustrations (colour) ;$c25 cm
=336  \\$atext$2rdacontent
=336  \\$astill image$2rdacontent
=337  \\$aunmediated$2rdamedia
=338  \\$avolume$2rdacarrier
=504  \\$aIncludes bibliographical references and index.
=500  \\$aFormerly CIP.$5Uk
=650  \0$aSurgery$xHistory$y19th century.
=650  \0$aSurgery$xHistory$y19th century$vPictorial works.
=852  11$aBritish Library$bHMNTS$kHLR$h617.09
=852  41$aBritish Library$bHMNTS$jYC.2017.a.2329
=CAT  \\$aBATCH-CIPN$b00$c20150812$lBLL01$h0903
=CAT  \\$a6829$b40$c20151216$lBLL01$h1157
=CAT  \\$aWR16_021$c20160719$lBLL01$h1803
=CAT  \\$a9657$b40$c20170208$lBLL01$h0940
=FIN  \\$aY$d20170208
=LAS  \\$a9657$b40$c20170208$lBLL01$h0940

