=LDR  01660cam a2200457 i 4500
=001  018664234
=003  Uk
=005  20180323132128.0
=008  170901s2017\\\\be\\\\\\\b\\\\001\0\eng\d
=FMT  \\$a  BK
=020  \\$a9462701180
=020  \\$a9789462701182$qset$qpaperback
=020  \\$a9789461662330$qset$qpaperback
=035  \\$a(OCoLC)1002293593
=040  \\$aYDX$beng$cYDX$dERASA$dQGQ$dUk$erda
=050  \4$aM
=082  04$a780
=084  \\$a20.06$2bcl
=245  04$aThe dark precursor :$bDeleuze and artistic research /$cedited by Paulo de Assis and Paolo Giudici.
=260  \\$aLeuven :$bLeuven University Press,$c2017.
=300  \\$aTwo volumes (569 pages) :$billustrations ;$c29 cm.
=336  \\$atext$2rdacontent
=337  \\$aunmediated$2rdamedia
=338  \\$avolume$2rdacarrier
=504  \\$aIncludes bibliographical references and indexes.
=505  0\$av. 1. The dark precursor in sound and writing -- v. 2. The dark precursor in image, space, and politics.
=600  10$aDeleuze, Gilles,$d1925-1995.
=650  \0$aArt$xStudy and teaching$xPhilosophy.
=700  1\$aAssis, Paulo de,$eeditor.
=700  1\$aGiudici, Paolo$c(Artist-researcher),$eeditor.
=710  2\$aOrpheus Instituut.
=852  41$aBritish Library$bHMNTS$jYD.2018.b.227
=852  41$aBritish Library$bHMNTS$iVol. 2
=CAT  \\$a8197$b40$c20180102$lBLL01$h1502
=CAT  \\$a11070$b40$c20180322$lBLL01$h1210
=CAT  \\$a8962$b40$c20180323$lBLL01$h1321
=CAT  \\$aBATCH-UPD$b40$c20180323$lBLL01$h1322
=CAT  \\$aW2308-1659$c20230923$lBLL01$h0954
=FIN  \\$aY$d20180322
=SID  \\$aZ39$bOCLC
=LAS  \\$aW2308-1659$b00$c20230923$lBLL01$h0954

