=LDR  03070cam a2200685 i 4500
=001  018710590
=003  Uk
=005  20231016134602.0
=008  170427m20202022enkab\\\\b\\\|0|1\0|eng\d
=FMT  \\$a  BK
=015  \\$aGBC2I7292$2bnb
=016  7\$a018710590$2Uk
=020  \\$a9781857944884$qv. 1$qhardback$c£25.00
=020  \\$a1857944887$qv. 1$qhardback$c£25.00
=020  \\$a9781857945904$qv. 2$qhardback$c£35.00
=020  \\$a1857945905$qv. 2$qhardback$c£35.00
=040  \\$aUK-WkNB$beng$cUK-WkNB$dUk$erda
=042  \\$aukblsr
=082  04$a385.09429997$223
=100  1\$aWilliams, Philip W. L.,$eauthor.
=245  10$aRailwaymen of the Welsh Valleys 1914-1967 :$bmemories of steam working from Pontypool Road shed (86G) /$cPhilip W.L. Williams.
=264  \1$aHorncastle :$bSilver Link Books,$c2020-2022.
=300  \\$a2 volumes :$billustrations (black and white, and colour), maps (black and white) ;$c25 cm
=336  \\$atext$2rdacontent
=336  \\$astill image$2rdacontent
=337  \\$aunmediated$2rdamedia
=338  \\$avolume$2rdacarrier
=500  \\$a"A Silver Link Book."
=500  \\$a"This book was originally to have appeared as a single volume, but such was the quantity of material, both written and photographic, that it was decided to publish it in two parts. Sadly the author Phil Williams died suddenly in 2017 before Volume 1 appeared. Volume 2 contains what would have been chapters 6 to 10 of the original book"--Volume 2, page 6.
=504  \\$aIncludes bibliographical references and index.
=588  \\$aDescription based on: Volume 2.
=610  27$aGreat Western Railway (Great Britain)$2fast$0(OCoLC)fst00545809
=650  \7$aEngine houses (Railroads)$2fast$0(OCoLC)fst01747538
=650  \7$aRailroad yards.$2fast$0(OCoLC)fst01431212
=650  \7$aRailroads$xEmployees.$2fast$0(OCoLC)fst01088904
=651  \7$aWales$zPontypool.$2fast$0(OCoLC)fst01309170
=651  \7$aSouth Wales.$2fast$0(OCoLC)fst01692626
=655  \7$aHistory.$2fast$0(OCoLC)fst01411628
=655  \7$aBiographies.$2fast$0(OCoLC)fst01919896
=655  \7$aIllustrated works.$2fast$0(OCoLC)fst01423873
=648  \7$a1914-1988$2fast
=852  41$aBritish Library$bHMNTS$ivol. 2
=852  41$aBritish Library$bHMNTS$jYKL.2022.a.14835$ivol. 1
=CAT  \\$aBATCH-CMLD$b00$c20180127$lBLL01$h1743
=CAT  \\$aBATCH-UPD$b00$c20180127$lBLL01$h1810
=CAT  \\$aBATCH-016$c20180131$lBLL01$h2206
=CAT  \\$a15548$b40$c20210610$lBLL01$h1543
=CAT  \\$a6829$b40$c20210611$lBLL01$h1420
=CAT  \\$a11056$b40$c20220608$lBLL01$h1413
=CAT  \\$a11056$b40$c20220608$lBLL01$h1424
=CAT  \\$a14259$b40$c20221025$lBLL01$h1441
=CAT  \\$a14259$b40$c20221025$lBLL01$h1445
=CAT  \\$a14259$b40$c20221025$lBLL01$h1446
=CAT  \\$a14259$b40$c20221025$lBLL01$h1448
=CAT  \\$aBATCH-016$c20221026$lBLL01$h2155
=CAT  \\$a10804$b40$c20230502$lBLL01$h1355
=CAT  \\$a11009$b40$c20231016$lBLL01$h1346
=FIN  \\$aY$d20221025
=SRC  \\$aNielsen Bookdata
=LAS  \\$a11009$b40$c20231016$lBLL01$h1346

