=LDR  01623pam a2200445 i 4500
=001  018718268
=003  Uk
=005  20180906105638.0
=008  180122s2018\\\\enka\\\\\b\\\\001|0|eng|d
=FMT  \\$a  BK
=015  \\$aGBB823530$2bnb
=016  7\$a018718268$2Uk
=020  \\$a9781783303694 (pbk.) :$c£54.95
=040  \\$aStDuBDS$beng$cStDuBDS$dUk$erda
=042  \\$aukblcatcopy
=082  04$a025.30285674$223
=100  1\$aCole, Timothy W.,$eauthor.
=245  10$aCoding with XML for efficiencies in cataloguing and metadata :$bpractical applications of XSD, XSLT, and XQuery /$cTimothy W. Cole, Myung-Ja (MJ) K Han, Christine Schwartz.
=264  \1$aLondon :$bFacet Publishing,$c2018.
=300  \\$aix, 195 pages :$billustrations ;$c23 cm
=336  \\$atext$2rdacontent
=337  \\$aunmediated$2rdamedia
=338  \\$avolume$2rdacarrier
=504  \\$aIncludes bibliographical references and index.
=500  \\$aFormerly CIP.$5Uk
=650  \0$aCataloging$xData processing.
=650  \0$aXML (Document markup language)
=650  \0$aMetadata.
=700  1\$aHan, Myung-Ja K.,$eauthor.
=700  1\$aSchwartz, Christine,$d1958-$eauthor.
=852  41$aBritish Library$bHMNTS$jYKL.2018.a.17190
=852  11$aBritish Library$bHMNTS$kHUR$h025.30285
=CAT  \\$aBATCH-CIPN$b00$c20180130$lBLL01$h1701
=CAT  \\$a10904$b40$c20180424$lBLL01$h0727
=CAT  \\$a5100$b40$c20180425$lBLL01$h1413
=CAT  \\$a14710$b40$c20180906$lBLL01$h1052
=CAT  \\$a14710$b40$c20180906$lBLL01$h1053
=CAT  \\$a5004$b40$c20180906$lBLL01$h1056
=FIN  \\$aY$d20180424
=LAS  \\$a5004$b40$c20180906$lBLL01$h1056

