=LDR  03591pam a2200649 i 4500
=001  018732542
=003  Uk
=005  20180510113341.0
=008  170531t20182018nyud\\\\\b\\\\001\0\eng\d
=FMT  \\$a  BK
=015  \\$aGBB829589$2bnb
=016  7\$a018732542$2Uk
=020  \\$a9781781259153 (pbk.) :$c£15.00
=020  \\$z9781782833840 (ePub ebook) :$c£15.00
=020  \\$a9781610399791$q(pbk.)
=020  \\$a161039979X$q(pbk.)
=035  \\$a(OCoLC)988291868
=040  \\$aStDuBDS$beng$cStDuBDS$dUk$erda
=042  \\$aukblcatcopy
=082  04$a332.6$223
=100  1\$aStanyer, Peter,$d1956-$eauthor.
=245  10$aGuide to investment strategy :$bhow to understand markets, risk, rewards, and behaviour /$cPeter Stanyer and Stephen Satchell.
=246  3\$aEconomist Guide to investment strategy
=246  30$aHow to understand markets, risk, rewards, and behaviour
=250  \\$aFourth edition.
=264  \1$aLondon :$bEconomist,$c2018.
=264  \4$c©2018
=300  \\$axxi, 329 pages :$bcharts ;$c22 cm.
=336  \\$astill image$2rdacontent
=336  \\$atext$btxt$2rdacontent
=337  \\$aunmediated$bn$2rdamedia
=338  \\$avolume$bnc$2rdacarrier
=490  1\$aEconomist books
=500  \\$aAt head of title: The economist.
=500  \\$aRevised edition of: The Economist guide to investment strategy, ©2014, ©2010, ©2006.
=520  \\$aThe global financial crisis that erupted in 2008 exposed the flaws in many investment strategies. This book explores the controversies that surround the management of wealth and provides guidance on how to construct investment strategies that are appropriate for each investor. With its detailed analysis, supported by data and anecdotes, it is above all a practical guide. It shows how the insights of behavioural analysis are widely reflected in investor behaviour, while emphasising the importance of basing investment strategy on the principles of traditional finance. And it takes into account new research into behavioural and traditional finance which has created new understandings of what investors want to achieve and explores investors' customary mistakes.
=504  \\$aIncludes bibliographical references (pages 294-313) and index.
=505  00$gPart 1.$tThe big picture. Setting the scene : what is risk for a personal investor? --$tUnderstand your behaviour : "Hope for riches and protect yourself from poverty" --$tThe personal pension challenge --$tInvestment returns --$tAdvice and investment strategy --$tAre you in it for the long term? --$gPart 2.$tImplementing more complicated strategies.$tSetting the scene --$tEquities --$tCredit --$tAlternative invetments --$tArt and investments of passion.
=500  \\$aFormerly CIP.$5Uk
=650  \0$aInvestments.
=650  \0$aPortfolio management.
=650  \0$aInvestment analysis.
=650  \7$aInvestment analysis.$2fast$0(OCoLC)fst00978180
=650  \7$aInvestments.$2fast$0(OCoLC)fst00978234
=650  \7$aPortfolio management.$2fast$0(OCoLC)fst01072072
=690  7\$aManagement and Business Studies$2blcoll
=776  08$iebook version :$z9781782833840
=700  1\$aStanyer, Peter,$d1956-$tEconomist guide to investment strategy.
=830  \0$aEconomist series.
=852  41$aBritish Library$bHMNTS$jYK.2018.a.4851
=852  11$aBritish Library$bSTI$cBIPC$kSBH. FIN.55
=CAT  \\$aBATCH-CIPN$b00$c20180206$lBLL01$h1701
=CAT  \\$a11002$b40$c20180510$lBLL01$h1133
=CAT  \\$aBATCH-MBS$c20180518$lBLL01$h2123
=FIN  \\$aY$d20180510
=SID  \\$aZ39$bOCLC
=LAS  \\$aBATCH-MBS$b00$c20180518$lBLL01$h2123

