=LDR  02968cam a2200673 i 4500
=001  018737314
=003  Uk
=005  20230924064833.0
=008  180209s2018\\\\gw\a\\\\\b\\\|001\0|mul\d
=FMT  \\$a  BK
=016  7\$a1127761595$2GyFmDB
=020  \\$a9783110469677$qhardback
=020  \\$a3110469677$qhardback
=020  \\$z9783110471564 (online)
=024  3\$a9783110469677
=035  \\$a(OCoLC)1022941204
=040  \\$aOHX$beng$cOHX$dXII$dUk$erda
=041  0\$alat$ager
=042  \\$aukblsr
=050  \4$aBR60$b.C6 v.104
=072  \7$aBR$2lcco
=245  00$aCollatio Carthaginensis anni 411 /$cediert von Clemens Weidmann.
=264  \1$aBerlin ;$aBoston :$bDe Gruyter,$c[2018]
=300  \\$avi, 418 pages :$b1 illustration (black and white) ;$c25 cm.
=336  \\$atext$btxt$2rdacontent
=337  \\$aunmediated$bn$2rdamedia
=338  \\$avolume$bnc$2rdacarrier
=490  1\$aCorpus scriptorum ecclesiasticorum Latinorum (CSEL),$x1816-3882 ;$vBand 104
=530  \\$aAlso issued online.
=504  \\$aIncludes bibliographical references and index.
=500  \\$aContains a 5th-century report on the proceedings of the Council of Carthage (held in 411), followed by two related treatises written by Saint Augustine.
=546  \\$aTexts in Latin; critical matter in German.
=504  \\$aIncludes bibliographical references (pages 375-377) and indexes.
=505  00$tGesta Collationis Carthaginensis --$tBreviculus collationis /$rAugustinus --$tAd Donatistas post collationem /$rAugustinus.
=540  \\$aBritish Library not licensed to copy$c0$5Uk
=650  \0$aDonatists$vEarly works to 1800.
=611  20$aCouncil of Carthage$d(411 :$cCarthage)
=650  \0$aChurch history$y5th century$vSources.
=700  1\$aWeidmann, Clemens,$d1966-$eeditor.
=700  02$aAugustine,$cof Hippo, Saint,$d354-430.$tBreviculus collationis cum Donatistis.$lLatin.$s(Weidmann)
=700  02$aAugustine,$cof Hippo, Saint,$d354-430.$tAd Donatistas post collationem.$lLatin.$s(Weidmann)
=711  22$aCouncil of Carthage$d(411 :$cCarthage)$tGesta Conlationis Carthaginiensis.$lLatin.$s(Weidmann)
=776  0\$z9783110471564 (online)
=776  0\$w(GyWOH)har185002114
=830  \0$aCorpus scriptorum ecclesiasticorum Latinorum,$x1816-3882 ;$vBand 104.
=852  11$aBritish Library$bHMNTS$cSPHOA$kMSS.$270
=852  41$aBritish Library$bHMNTS$jZF.9.a.11298
=852  41$aBritish Library$bDSC$j3472.131000
=CAT  \\$a8197$b40$c20180208$lBLL01$h0939
=CAT  \\$aBATCH-CLA$b00$c20180209$lBLL01$h0120
=CAT  \\$a11312$b40$c20180222$lBLL01$h1112
=CAT  \\$aBATCH-UPD$b40$c20180222$lBLL01$h1114
=CAT  \\$aBATCH-CLA$b00$c20180223$lBLL01$h0118
=CAT  \\$aW2308-1659$c20230923$lBLL01$h0955
=CAT  \\$aBATCH-CLA$b00$c20230924$lBLL01$h0648
=CFI  0\$aBritish Library not licensed to copy$c0$e07-sep-2011$hC$iTX$5Uk
=FIN  \\$aY$d20180222
=SID  \\$aZ39$bOCLC
=LAS  \\$aBATCH-CLA$b00$c20230924$lBLL01$h0648

