=LDR  04447cam a2200757 i 4500
=001  018781605
=003  Uk
=005  20211231173654.0
=008  180226s2018\\\\ilua\\\\\b\\\\001\0\eng\d
=FMT  \\$a  BK
=020  \\$a9780838989395$qpaperback
=020  \\$a083898939X
=035  \\$a(OCoLC)1024320754
=040  \\$aCPE$beng$cCPE$dIMC$dOCLCO$dUk$erda
=042  \\$aukblderived
=245  00$aApplying library values to emerging technology :$bdecision-making in the age of open access, maker spaces, and the ever-changing library /$ceditors Peter D. Fernandez and Kelly Tilton.
=264  \1$aChicago :$bAssociation of College and Research Libraries, a divison of the American Library Association,$c2018.
=300  \\$axvi, 422 pages :$billustrations ;$c23 cm.
=336  \\$atext$btxt$2rdacontent
=337  \\$aunmediated$bn$2rdamedia
=338  \\$avolume$bnc$2rdacarrier
=490  1\$aACRL publications in librarianship ;$vno. 72
=504  \\$aIncludes bibliographical references and index.
=520  \\$a"Applying Library Values to Emerging Technology: Decision-Making in the Age of Open Access, Maker Spaces, and the Ever-Changing Library offers a wide range of perspectives on how to interpret and apply library values in the context of emerging technologies. Authors include academic librarians, public librarians, and professors, and contributors from the Library Freedom Project, the Institute of Museum and Library Services (IMLS), the Free Ebook Foundation, Creative Commons, the Electronic Frontier Foundation, the Tor Project, the Center for Information Policy Research, and the Institute for the Study of Knowledge Management in Education. Divided into two sections-Contemplating Library Values and Applying Library Values-and using the ALA's Core Values of Librarianship as the primary reference point, chapters emphasize the underlying frameworks that guide librarian practice and capture practical, real-world applications that can ideally serve as a starting point for other librarians encountering similar issues, even if the specific technology or set of values may differ"--website description.
=540  \\$aCurrent Copyright Fee: GBP3.65$c0$5Uk
=650  \0$aLibraries$xInformation technology.
=650  \0$aLibraries$xTechnological innovation.
=650  \0$aLibrary science$xTechnological innovation.
=650  \0$aLibrary science$xInformation technology.
=700  1\$aFernandez, Peter D.,$eeditor.
=700  1\$aTilton, Kelly,$eeditor.
=830  \0$aACRL publications in librarianship ;$vno. 72.
=852  41$aBritish Library$bDSC$j0578.886500
=852  11$aBritish Library$bHMNTS$kHUR$h025.00285
=CAT  \\$a9518$b40$c20180305$lBLL01$h1647
=CAT  \\$aBATCH-UPD$b40$c20180411$lBLL01$h2020
=CAT  \\$a11131$b40$c20180703$lBLL01$h1118
=CAT  \\$a8411$b40$c20190621$lBLL01$h1605
=CAT  \\$a8411$b40$c20190621$lBLL01$h1607
=CAT  \\$a8411$b40$c20190621$lBLL01$h1608
=CAT  \\$aBATCH-CLA$b00$c20190622$lBLL01$h0102
=CAT  \\$aBATCH-CLA$b00$c20190924$lBLL01$h1900
=CAT  \\$aIPL-CLA$c20190930$lBLL01$h1659
=CAT  \\$aBATCH-CLA$b00$c20200325$lBLL01$h1239
=CAT  \\$aIPL-CLA$c20200331$lBLL01$h1638
=CAT  \\$aBATCH-CLA$b00$c20200619$lBLL01$h1529
=CAT  \\$aIPL-CLA$c20200701$lBLL01$h0124
=CAT  \\$aBATCH-CLA$b00$c20210328$lBLL01$h1302
=CAT  \\$aIPL-CLA$c20210331$lBLL01$h1910
=CAT  \\$aBATCH-CLA$b00$c20210617$lBLL01$h1348
=CAT  \\$aIPL-CLA$c20210704$lBLL01$h1127
=CAT  \\$aBATCH-CLA$b00$c20210928$lBLL01$h1453
=CAT  \\$aIPL-CLA$c20210930$lBLL01$h1659
=CAT  \\$aBATCH-CLA$b00$c20211222$lBLL01$h1558
=CAT  \\$aIPL-CLA$c20211231$lBLL01$h1736
=CFI  0\$aCurrent Copyright Fee: GBP3.65$c0$e01-jan-2022$fGBP3.65$g0$hC$5Uk
=CFI  2\$aPrevious Copyright Fee: GBP3.55$c0$e01-oct-2021$fGBP3.55$g0$hC$5Uk
=FIN  \\$aY$d20180703
=SID  \\$aZ39$bOCLC
=ACF  \\$aPrevious Copyright Fee: GBP3.85$c0$e01-oct-2018$fGBP3.85$g0$hC$5Uk
=ACF  \\$aPrevious Copyright Fee: GBP4.00$c0$e01-oct-2019$fGBP4.00$g0$hC$5Uk
=ACF  \\$aPrevious Copyright Fee: GBP3.85$c0$e01-apr-2020$fGBP3.85$g0$hC$5Uk
=ACF  \\$aPrevious Copyright Fee: GBP4.00$c0$e01-jul-2020$fGBP4.00$g0$hC$5Uk
=ACF  \\$aPrevious Copyright Fee: GBP3.72$c0$e01-apr-2021$fGBP3.72$g0$hC$5Uk
=ACF  \\$aPrevious Copyright Fee: GBP3.61$c0$e01-jul-2021$fGBP3.61$g0$hC$5Uk
=LAS  \\$aIPL-CLA$b00$c20211231$lBLL01$h1736

