=LDR  01727pam a2200493 i 4500
=001  018784087
=003  Uk
=005  20190411115715.0
=008  180124s2018\\\\enk\\\\\\b\\\\001\0\eng\d
=FMT  \\$a  BK
=015  \\$aGBB845763$2bnb
=016  7\$a018784087$2Uk
=020  \\$a9780750986885$qpaperback$c£16.00
=020  \\$z9780750988407$qePub ebook$c£9.99
=040  \\$aStDuBDS$beng$cStDuBDS$dUk$erda
=042  \\$aukblsr
=082  04$a929.1072$223
=100  1\$aMacdonald, Ian G.$c(Genealogist),$eauthor.
=245  10$aReferencing for genealogists :$bsources and citation /$cIan G. Macdonald.
=264  \1$aStroud, Gloucestershire :$bThe History Press,$c2018.
=300  \\$a144 pages ;$c24 cm
=336  \\$atext$2rdacontent
=337  \\$aunmediated$2rdamedia
=338  \\$avolume$2rdacarrier
=504  \\$aIncludes bibliographical references and index.
=530  \\$aAlso issued online.
=500  \\$aFormerly CIP.$5Uk
=650  \0$aGenealogy.
=650  \0$aBibliographical citations$vHandbooks, manuals, etc.
=650  \0$aAuthorship$vStyle manuals.
=650  \0$aHistory$xSources.
=776  08$iebook version :$z9780750988407
=852  11$aBritish Library$bHMNTS$kNRR$h929.3
=852  41$aBritish Library$bHMNTS$jYC.2019.a.3804
=CAT  \\$aBATCH-CIPN$b00$c20180306$lBLL01$h1700
=CAT  \\$aBATCH-CIPC$b00$c20180320$lBLL01$h1701
=CAT  \\$aBATCH-016$c20180321$lBLL01$h2157
=CAT  \\$a11168$b40$c20181022$lBLL01$h1406
=CAT  \\$a11131$b40$c20181026$lBLL01$h0848
=CAT  \\$a5883$b40$c20190403$lBLL01$h1520
=CAT  \\$a8962$b40$c20190411$lBLL01$h1157
=CAT  \\$aBATCH-UPD$b40$c20190411$lBLL01$h1201
=FIN  \\$aY$d20181026
=LAS  \\$aBATCH-UPD$b40$c20190411$lBLL01$h1201

