=LDR  02075pam a2200553 i 4500
=001  018830891
=003  Uk
=005  20191017132516.0
=008  180219t20182018iluabf\\\b\\\\001\0\eng\c
=FMT  \\$a  BK
=015  \\$aGBB868090$2bnb
=016  7\$a018830891$2Uk
=020  \\$a9781851244911$qhardback$c£40.00
=035  \\$a(UkCU)991006370319003606
=035  \\$a(Uk)018830891
=035  \\$a(StEdALDL)1/3730670
=040  \\$aStDuBDS$beng$cStDuBDS$dUkCU$dUk$erda
=042  \\$aukscp
=082  04$a523.108992762$223
=100  1\$aRapoport, Yossef,$d1968-$eauthor.
=245  10$aLost maps of the caliphs :$bdrawing the world in eleventh-century Cairo /$cYossef Rapoport, Emilie Savage-Smith.
=264  \1$aChicago :$bThe University of Chicago Press,$c2018.
=264  \4$c©2018
=300  \\$a349 pages, 24 unnumbered pages of plates (colour) :$billustrations (black and white, and colour), maps ;$c24 cm
=336  \\$atext$2rdacontent
=336  \\$astill image$2rdacontent
=337  \\$aunmediated$2rdamedia
=338  \\$avolume$2rdacarrier
=504  \\$aIncludes bibliographical references and index.
=500  \\$aFormerly CIP.$5Uk
=650  \0$aCosmography$vEarly works to 1800.
=650  \0$aCartography$zEgypt$zCairo$xHistory$yTo 1500.
=650  \0$aCartography$vEarly works to 1800.
=650  \0$aGeography$vEarly works to 1800.
=650  \0$aAstronomy, Medieval$zEgypt$zCairo.
=700  1\$aSavage-Smith, Emilie,$eauthor.
=852  41$aBritish Library$bMAPS$kMaps Ref D.4$h(63)
=852  41$aBritish Library$bHMNTS$jYC.2019.a.8869
=985  \\$aLDL record matched & merged
=CAT  \\$aBATCH-CIPN$b00$c20180410$lBLL01$h1702
=CAT  \\$aBATCH-LDLE$b00$c20190415$lBLL01$h2136
=CAT  \\$c20190415$lBLL01$h2136
=CAT  \\$aBATCH-LDLL$b00$c20190415$lBLL01$h2137
=CAT  \\$aBATCH-LDL4$b00$c20190415$lBLL01$h2138
=CAT  \\$aBATCH-UPD$b00$c20190415$lBLL01$h2153
=CAT  \\$aBATCH-016$c20190417$lBLL01$h2210
=CAT  \\$a9657$b40$c20191017$lBLL01$h1325
=FIN  \\$aY$d20191017
=LAS  \\$a9657$b40$c20191017$lBLL01$h1325

