=LDR  01334pam a2200409 i 4500
=001  018889279
=003  Uk
=005  20190723110007.0
=008  180404s2019\\\\stk\\\\\\\\\\|0|0|0|eng\d
=FMT  \\$a  BK
=015  \\$aGBB899841$2bnb
=016  7\$a018889279$2Uk
=020  \\$a9780008241339
=020  \\$z9783468024160
=040  \\$aStDuBDS$beng$cStDuBDS$dUk$erda
=041  0\$aeng$ager
=042  \\$aukblsr
=082  04$a433.21$223
=245  00$aCollins German dictionary /$ceditor, Susie Beattie ; contributors, Joyce Littlejohn [and three others].
=250  \\$aNinth edition.
=264  \1$aGlasgow :$bHarperCollins Publisher,$c2019.
=300  \\$axxvi, 2101 pages ;$c27 cm
=336  \\$atext$2rdacontent
=337  \\$aunmediated$2rdamedia
=338  \\$avolume$2rdacarrier
=546  \\$aEnglish and German text.
=500  \\$aFormerly CIP.$5Uk
=650  \0$aGerman language$vDictionaries$xEnglish.
=650  \0$aEnglish language$vDictionaries$xGerman.
=700  1\$aBeattie, Susie,$eeditor.
=700  1\$aLittlejohn, Joyce,$econtributor.
=852  11$aBritish Library$bHMNTS$cSPHOA$kHLD GER
=852  41$aBritish Library$bHMNTS$jYKL.2021.b.4133
=CAT  \\$aBATCH-CIPN$b00$c20180605$lBLL01$h1700
=CAT  \\$a11014$b40$c20190723$lBLL01$h1100
=FIN  \\$aY$d20190723
=LAS  \\$a11014$b40$c20190723$lBLL01$h1100

