=LDR  01317cam a2200397 i 4500
=001  018932449
=003  Uk
=005  20190411101403.0
=008  180514s2018\\\\enkab\\\\b\\\\001|0|eng|d
=FMT  \\$a  BK
=015  \\$aGBB8C4388$2bnb
=016  7\$a018932449$2Uk
=020  \\$a9781472827630 (hbk.) :$c£30.00
=020  \\$z9781472827623$qeBook
=040  \\$aStDuBDS$beng$cStDuBDS$dUk$erda
=042  \\$aukblcatcopy
=082  04$a355.7022$223
=100  1\$aBlack, Jeremy,$d1955-$eauthor.
=245  10$aForts :$ban illustrated history /$cJeremy Black.
=264  \1$aOxford :$bOsprey Publishing,$c2018.
=300  \\$a224 pages :$billustrations, maps ;$c29 cm
=336  \\$atext$2rdacontent
=337  \\$aunmediated$2rdamedia
=338  \\$avolume$2rdacarrier
=530  \\$aAlso issued online.
=504  \\$aIncludes bibliographical references and index.
=500  \\$aFormerly CIP.$5Uk
=650  \0$aFortification$xHistory$vPictorial works.
=650  \0$aFortification$xHistory.
=852  41$aBritish Library$bHMNTS$jLC.31.b.20262
=852  11$aBritish Library$bHMNTS$kMAPS REF$hD.2$m(139)
=CAT  \\$aBATCH-CIPN$b00$c20180703$lBLL01$h1701
=CAT  \\$a11012$b40$c20190116$lBLL01$h1131
=CAT  \\$a14710$b40$c20190411$lBLL01$h1014
=FIN  \\$aY$d20190411
=LAS  \\$a14710$b40$c20190411$lBLL01$h1014

