=LDR  02919cam a2200529 i 4500
=001  018937021
=003  Uk
=005  20190312095341.0
=008  180319s2018\\\\ilua\\\\\b\\\\001\0\eng\c
=FMT  \\$a  BK
=010  \\$a2018001086  
=015  \\$aGBB947153$2bnb
=016  7\$a018937021$2Uk
=020  \\$a9780838916223 (softcover : alk. paper)
=040  \\$aLBSOR/DLC$beng$cLBSOR$dDLC$dUk$erda
=042  \\$aukblcatcopy
=050  00$aZ682$b.S837 2018
=082  00$a023$223
=100  1\$aStoltz, Dorothy,$eauthor.
=245  10$aTransform and thrive :$bideas to invigorate your library and your community /$cDorothy Stoltz ; with Gail Griffith, James Kelly, Muffie Smith, and Lynn Wheeler.
=264  \1$aChicago :$bALA Editions, an imprint of the American Library Association,$c2018.
=300  \\$axvi, 151 pages :$billustrations ;$c23 cm
=336  \\$atext$2rdacontent
=337  \\$aunmediated$2rdamedia
=338  \\$avolume$2rdacarrier
=504  \\$aIncludes bibliographical references and index.
=505  0\$aStartle yourself -- Learning the right things -- Taking intelligent risks -- The golden rule -- Respect and goodwill -- Think things through -- Carnegie's light -- Getting everyone on the right page -- Finding treasures in your stacks -- The entrepreneurial spirit -- Tap into creative potential.
=520  \\$a"Successful libraries are those that continuously learn to listen and respond, prioritizing an organizational approach that encourages library staff to work with each other as well as the community to create opportunities to thrive. In this book the authors demonstrate how it boils down to applying a handful of straightforward principles. This book walks readers through how to: identify the community's motivating factors; create a culture of learning at the library; apply courage, curiosity, and creativity to cope with challenges; ask the right questions to get the right answers; draw out creative ideas from both staff and the community; and use creativity exercises for both individual and group problem solving"--$cProvided by publisher.
=650  \0$aLibrary personnel management.
=650  \0$aLibraries and community.
=700  1\$aGriffith, Gail,$eauthor.
=700  1\$aKelly, James$c(Librarian),$eauthor.
=700  1\$aSmith, Muffie,$eauthor.
=700  1\$aWheeler, Lynn,$eauthor.
=852  41$aBritish Library$bHMNTS$jYK.2019.a.1710
=852  11$aBritish Library$bHMNTS$cSPHOA$kHUR023
=BUF  \\$aN2$d20180924
=CAT  \\$a11253$b40$c20180705$lBLL01$h1122
=CAT  \\$a11131$b40$c20180924$lBLL01$h0953
=CAT  \\$aBATCH-BUOC$b00$c20180927$lBLL01$h2124
=CAT  \\$aBATCH-UPD$b00$c20180927$lBLL01$h2128
=CAT  \\$aBATCH-016$c20181128$lBLL01$h2152
=CAT  \\$a8318$b40$c20190312$lBLL01$h0953
=CAT  \\$aW2308-1659$c20230923$lBLL01$h0957
=FIN  \\$aY$d20180924
=SRC  \\$aBLL02
=LAS  \\$aW2308-1659$b00$c20230923$lBLL01$h0957

