=LDR  01808pam a2200529 i 4500
=001  019123752
=003  Uk
=005  20191114141140.0
=008  181025t20182018cauab\\\\\\\\\000\0\eng\d
=FMT  \\$a  BK
=015  \\$aGBB8K9898$2bnb
=016  7\$a019123752$2Uk
=020  \\$a9781452149523 (hbk.) :$c£26.00
=035  \\$a(UkCU)991006396927103606
=035  \\$a(Uk)019123752
=035  \\$a(StEdALDL)1/3751512
=040  \\$aStDuBDS$beng$cStDuBDS$dUkCU$dUk$erda
=042  \\$aukscp
=082  04$a700.41$223
=100  1\$aDant, Adam,$eauthor,$eartist.
=240  10$aWorks.$kSelections
=245  10$aLiving maps :$ban atlas of cities personified /$cAdam Dant.
=264  \1$aSan Francisco :$bChronicle Books,$c[2018]
=264  \4$c©2018
=300  \\$a128 pages :$bchiefly colour illustrations, maps ;$c34 cm
=336  \\$atext$2rdacontent
=336  \\$acartographic image$2rdacontent
=337  \\$aunmediated$2rdamedia
=338  \\$avolume$2rdacarrier
=500  \\$aFormerly CIP.$5Uk
=650  \0$aEnglish wit and humor, Pictorial.
=650  \0$aCities and towns$xCaricatures and cartoons.
=650  \0$aSatirical maps.
=852  41$aBritish Library$bHMNTS$jLC.31.b.21035
=852  11$aBritish Library$bMAPS$kMaps Ref$hE.1$m(16)
=985  \\$aLDL record matched & merged
=CAT  \\$aBATCH-CIPN$b00$c20181113$lBLL01$h1700
=CAT  \\$a8337$b40$c20190620$lBLL01$h1642
=CAT  \\$aBATCH-LDLE$b00$c20190722$lBLL01$h2129
=CAT  \\$c20190722$lBLL01$h2130
=CAT  \\$aBATCH-LDLL$b00$c20190722$lBLL01$h2130
=CAT  \\$aBATCH-LDL4$b00$c20190722$lBLL01$h2130
=CAT  \\$aBATCH-UPD$b00$c20190722$lBLL01$h2130
=CAT  \\$aBATCH-016$c20190724$lBLL01$h2235
=CAT  \\$a8318$b40$c20191114$lBLL01$h1411
=FIN  \\$aY$d20191114
=LAS  \\$a8318$b40$c20191114$lBLL01$h1411

