=LDR  01603pam a2200409 i 4500
=001  019131555
=003  Uk
=005  20191115112145.0
=008  181109t20192019enka\\\\\b\\\|0|1|0|eng|d
=FMT  \\$a  BK
=015  \\$aGBB8L3229$2bnb
=016  7\$a019131555$2Uk
=020  \\$a9781108419642$c£70.00
=040  \\$aStDuBDS$beng$cStDuBDS$dUk$erda
=042  \\$aukblsr
=082  04$a820.9004$223
=245  00$aPolitical turmoil :$bearly modern British literature in transition, 1623-1660 /$cedited by Stephen B. Dobranski, Georgia State University.
=264  \1$aCambridge, United Kingdom :$bCambridge University Press,$c2019.
=264  24$c©2019
=300  \\$axvi, 365 pages :$billustrations (black and white) ;$c24 cm.
=336  \\$atext$2rdacontent
=337  \\$aunmediated$2rdamedia
=338  \\$avolume$2rdacarrier
=490  0\$aEarly modern literature in transition, 1557-1714 ;$vvolume 2
=504  \\$aIncludes bibliographical references and index.
=500  \\$aFormerly CIP.$5Uk
=650  \0$aEnglish literature$yEarly modern, 1500-1700$xHistory and criticism.
=650  \0$aLiterature and society$zGreat Britain$xHistory$y17th century.
=650  \0$aPolitics and literature$zGreat Britain$xHistory$y17th century.
=700  1\$aDobranski, Stephen B.,$eeditor.
=852  11$aBritish Library$bHMNTS$kHLR$h820.9003
=852  41$aBritish Library$bHMNTS$jYC.2019.a.9589
=CAT  \\$aBATCH-CIPN$b00$c20181120$lBLL01$h1700
=CAT  \\$a11250$b40$c20190423$lBLL01$h1445
=CAT  \\$a8317$b40$c20191115$lBLL01$h1121
=FIN  \\$aY$d20190423
=LAS  \\$a8317$b40$c20191115$lBLL01$h1121

