=LDR  01821pam a2200469 i 4500
=001  019131562
=003  Uk
=005  20191115104020.0
=008  181109t20192019enka\\\\\b\\\|0|1|0|eng|d
=FMT  \\$a  BK
=015  \\$aGBB8L3236$2bnb
=016  7\$a019131562$2Uk
=020  \\$a9781108422680$qhardback$c£92.99
=020  \\$z9781108534208$qPDF ebook$cNo price
=040  \\$aStDuBDS$beng$cStDuBDS$dUk$erda
=042  \\$aukblsr
=082  04$a820.9004$223
=245  00$aEmergent nation :$bearly modern British literature in transition, 1660-1714 /$cedited by Elizabeth Sauer, Brock University, Ontario.
=264  \1$aCambridge :$bCambridge University Press,$c2019.
=264  \4$c©2019
=300  \\$axv, 402 pages :$billustrations (black and white) ;$c24 cm.
=336  \\$atext$2rdacontent
=336  \\$astill image$2rdacontent
=337  \\$aunmediated$2rdamedia
=338  \\$avolume$2rdacarrier
=490  0\$aEarly modern British literature in transition, 1557-1714 ;$vvolume 3
=500  \\$aFormerly CIP.$5Uk
=504  \\$aIncludes bibliographical references and index.
=530  \\$aAlso published electronically.
=650  \0$aEnglish literature$yEarly modern, 1500-1700$xHistory and criticism.
=650  \0$aLiterature and history$zEngland$xHistory$y17th century.
=650  \0$aLiterature and society$zEngland$xHistory$y17th century.
=700  1\$aSauer, Elizabeth,$d1964-$eeditor.
=776  08$iebook version :$z9781108534208
=852  11$aBritish Library$bHMNTS$kHLR$h820.9003
=852  41$aBritish Library$bHMNTS$jYC.2019.a.9600
=CAT  \\$aBATCH-CIPN$b00$c20181120$lBLL01$h1700
=CAT  \\$a11250$b40$c20190423$lBLL01$h1456
=CAT  \\$a11250$b40$c20190423$lBLL01$h1458
=CAT  \\$a8317$b40$c20191115$lBLL01$h1040
=FIN  \\$aY$d20190423
=LAS  \\$a8317$b40$c20191115$lBLL01$h1040

