=LDR  02358 am a2200589 i 4500
=001  019150101
=003  Uk
=005  20190606132052.0
=008  181201s2018\\\\fr\afh\\\b\\\|0|0\0dfre\\
=FMT  \\$a  BK
=020  \\$a9782721006851$qv. 1$qpaperback
=020  \\$a2721006851$qv. 1$qpaperback
=020  \\$a9782721006899$qv. 2$qpaperback
=020  \\$a2721006894$qv. 2$qpaperback
=040  \\$aUk$beng$cUk$erda
=042  \\$aukblsr
=245  00$aMLF - psychanalyse et politique 1968-2018 :$b50 ans de libération des femmes /$créalisé par Michèle Idels [and four others] ; avec Joëlle Guimier [and nine others].
=246  30$a50 ans de libération des femmes
=246  3\$aCinquante ans de libération des femmes
=264  \1$aParis :$bDes femmes Antoinette Fouque,$c[2018]
=300  \\$a2 volumes :$billustrations (black and white, and colour), facsimiles ;$c24 cm
=336  \\$atext$2rdacontent
=337  \\$aunmediated$2rdamedia
=338  \\$avolume$2rdacarrier
=505  0\$avol. 1. Les premières années -- vol. 2. La plus longue des révolutions.
=500  \\$aMLF stands for: Mouvement de libération des femmes.
=504  \\$aIncludes bibliographical references.
=600  10$aFouque, Antoinette.
=610  20$aDes Femmes (Firm)
=610  20$aMouvement de libération des femmes (France)$xHistory.
=650  \0$aFeminism$zFrance$xHistory.
=650  \0$aWomen and psychoanalysis.
=650  \0$aWomen political activists$zFrance.
=650  \0$aSex role$zFrance.
=650  \0$aWomen's rights$zFrance.
=650  \0$aWomen$xCrimes against$zFrance.
=650  \0$aFeminist literature$xPublishing$zFrance.
=690  7\$aSocial Welfare$2blcoll
=700  1\$aIdels, Michèle,$eeditor.
=700  1\$aFouque, Antoinette.
=852  41$aBritish Library$bHMNTS$jYF.2019.a.9720$i[vol. 1]
=852  41$aBritish Library$bHMNTS$i[vol. 2]
=852  41$aBritish Library$bHMNTS$jYF.2019.a.10807
=CAT  \\$a11002$b40$c20181201$lBLL01$h0833
=CAT  \\$a9518$b40$c20190313$lBLL01$h0857
=CAT  \\$a6470$b40$c20190516$lBLL01$h1217
=CAT  \\$a11069$b40$c20190606$lBLL01$h1320
=CAT  \\$aBATCH-SWP$c20190607$lBLL01$h2234
=CAT  \\$aBATCH_ERAS$b00$c20190712$lBLL01$h2033
=CAT  \\$aBATCH_ERAS$b00$c20190712$lBLL01$h2124
=FIN  \\$aY$d20190516
=LAS  \\$aBATCH_ERAS$b00$c20190712$lBLL01$h2124

