=LDR  02355 am a2200541 i 4500
=001  019168203
=003  Uk
=005  20210225121013.0
=008  180907s2019\\\\ilua\\\\\b\\\|0|0\0|eng\d
=FMT  \\$a  BK
=010  \\$a  2018959020
=015  \\$aGBC131519$2bnb
=016  7\$a019168203$2Uk
=020  \\$a9780838917701$qpaper
=020  \\$a0838917704$qpaper
=035  \\$a(OCoLC)1051042694$z(OCoLC)1051050979
=040  \\$aKGG$beng$cKGG$dYDX$dKGG$dSDS$dKGG$dOCLCF$dUk$erda
=042  \\$aukblsr
=050  04$aZ678$b.H35 2019
=082  04$a023.9$223
=100  1\$aHakala-Ausperk, Catherine,$eauthor.
=245  10$aFuture-proof your team /$cCatherine Hakala-Ausperk.
=264  \1$aChicago :$bALA Editions,$c2019.
=300  \\$aix, 50 pages :$billustrations (black and white) ;$c28 cm.
=336  \\$atext$btxt$2rdacontent
=337  \\$aunmediated$bn$2rdamedia
=338  \\$avolume$bnc$2rdacarrier
=490  0\$aLeadership planners series
=504  \\$aIncludes bibliographical references (pages 49-50).
=505  0\$aFuture-proof -- Plan to know what's going on -- Plan to know what you want to happen -- Plan to learn from experience -- Plan to be ready -- Plan to know who does what -- Plan to be future-proofed -- Plan to change -- Plan to stay focused -- Plan your next moves.
=520  \\$a"These planners are designed for library leaders who are facing some pretty serious challenges but haven't even had the chance to close their doors, sit back, untangle their issues, and begin to think about how to make things better"--Page ix.
=650  \0$aLibrary administration.
=650  \0$aLibraries$xSelf-evaluation.
=650  \0$aLibrary planning.
=650  \0$aStrategic planning.
=650  \7$aLibraries$xSelf-evaluation.$2fast$0(OCoLC)fst00997438
=650  \7$aLibrary administration.$2fast$0(OCoLC)fst00997606
=650  \7$aLibrary planning.$2fast$0(OCoLC)fst00997877
=650  \7$aStrategic planning.$2fast$0(OCoLC)fst01134371
=852  11$aBritish Library$bHMNTS$cSPHOA$kHUR 023.9
=852  41$aBritish Library$bHMNTS$jYKL.2021.b.161
=CAT  \\$a9518$b40$c20181207$lBLL01$h1055
=CAT  \\$a8964$b40$c20190225$lBLL01$h1107
=CAT  \\$aBATCH-016$c20190522$lBLL01$h2218
=CAT  \\$a6632$b40$c20210225$lBLL01$h1210
=FIN  \\$aY$d20190225
=SID  \\$aZ39$bOCLC
=LAS  \\$a6632$b40$c20210225$lBLL01$h1210

