=LDR  02455cam a22006137i 4500
=001  019195703
=003  Uk
=005  20230924062657.0
=008  180808s2018\\\\gw\a\\\\\b\\\\000\0\eng\d
=FMT  \\$a  BK
=020  \\$a9783110614657$qhardback
=020  \\$a3110614650$qhardback
=020  \\$z9783110617535$qpdf
=020  \\$z9783110614824$qepub
=035  \\$a(OCoLC)1047626652
=040  \\$aYDX$beng$cYDX$dGRU$dESU$dOCLCQ$dUk$erda
=042  \\$aukblderived
=245  00$aLibrary design for the 21st century :$bcollaborative strategies to ensure success /$cedited on behalf of IFLA by Diane Koen and Traci Engel Lesneski.
=264  \1$aBerlin :$bWalter de Gruyter GmbH,$c[2018]
=264  \4$c©2019
=300  \\$avii, 236 pages :$bcolour illustrations ;$c24 cm.
=336  \\$atext$btxt$2rdacontent
=337  \\$aunmediated$bn$2rdamedia
=338  \\$avolume$bnc$2rdacarrier
=490  1\$aIFLA publications,$x0344-6891 ;$v179
=530  \\$aAlso published electronically.
=504  \\$aIncludes bibliographical references.
=540  \\$aCurrent Copyright Fee: GBP25.00$c0$5Uk
=650  \0$aLibrary planning.
=650  \0$aLibrary buildings$xDesign and construction.
=700  1\$aKoen, Diane,$eeditor.
=700  1\$aLesneski, Traci Engel,$eeditor.
=710  2\$aInternational Federation of Library Associations and Institutions.$bSection on Library Buildings and Equipment.
=830  \0$aIFLA publications ;$v179.
=852  41$aBritish Library$bDSC$j4363.315500
=852  41$aBritish Library$bHMNTS$j2714.abc.38
=852  41$aBritish Library$bHMNTS$kHUR$h022.3
=CAT  \\$a8411$b40$c20181231$lBLL01$h1129
=CAT  \\$aBATCH-CLA$b00$c20190101$lBLL01$h0102
=CAT  \\$aBATCH-CLA$b00$c20191219$lBLL01$h1805
=CAT  \\$aIPL-CLA$c20191231$lBLL01$h2046
=CAT  \\$aR2001-1524$c20200127$lBLL01$h2111
=CAT  \\$aBATCH-CLA$b00$c20200128$lBLL01$h0428
=CAT  \\$aBATCH-CLA$b00$c20201204$lBLL01$h1617
=CAT  \\$aIPL-CLA$c20201231$lBLL01$h2352
=CAT  \\$aBATCH-CLA$b00$c20221221$lBLL01$h1936
=CAT  \\$aIPL-CLA$c20221231$lBLL01$h2346
=CAT  \\$aW2308-1659$c20230923$lBLL01$h1001
=CAT  \\$aBATCH-CLA$b00$c20230924$lBLL01$h0626
=CFI  0\$aCurrent Copyright Fee: GBP25.00$c0$e01-jan-2023$fGBP25.00$g0$hA$5Uk
=FIN  \\$aY$d20181231
=SID  \\$aZ39$bOCLC
=ACF  \\$aPrevious Copyright Fee: GBP20.00$c0$e01-jan-2020$fGBP20.00$g0$hA$5Uk
=LAS  \\$aBATCH-CLA$b00$c20230924$lBLL01$h0626

