=LDR  01643pam a2200469 i 4500
=001  019209658
=003  Uk
=005  20200207150618.0
=008  181101s2019\\\\enka\\\\\\\\\|0|0\0|eng\\
=FMT  \\$a  BK
=015  \\$aGBB908564$2bnb
=016  7\$a019209658$2Uk
=020  \\$a9780571345373$qhardback :$c£20.00
=020  \\$z9780571345380$qePub ebook :$c£14.99
=040  \\$aStDuBDS$beng$cStDuBDS$dUk$erda
=042  \\$aukblsr
=082  04$a782.421660922$223
=100  1\$aSavage, Jon,$eauthor.
=245  10$aThis searing light, the sun and everything else :$bJoy Division - the oral history /$cJon Savage.
=264  \1$aLondon :$bFaber & Faber,$c2019.
=300  \\$axii, 322 pages :$billustrations (black and white) ;$c24 cm
=336  \\$atext$2rdacontent
=336  \\$astill image$2rdacontent
=337  \\$aunmediated$2rdamedia
=338  \\$avolume$2rdacarrier
=500  \\$aIllustrations and text on lining papers.
=530  \\$aAlso published electronically.
=500  \\$aFormerly CIP.$5Uk
=610  20$aJoy Division (Musical group)
=610  20$aJoy Division (Musical group)$vInterviews.
=650  \0$aRock musicians$zEngland$zManchester.
=776  08$iebook version :$z9780571345380
=852  11$aBritish Library$bHMNTS$kHUS$h789.40092$mJOY
=852  41$aBritish Library$bHMNTS$jYK.2020.a.631
=CAT  \\$aBATCH-CIPN$b00$c20190115$lBLL01$h1700
=CAT  \\$a6923$b40$c20190625$lBLL01$h1419
=CAT  \\$a10904$b40$c20191026$lBLL01$h0713
=CAT  \\$a9666$b40$c20200207$lBLL01$h1506
=EXP  \\$aX$d20191001
=FIN  \\$aY$d20191026
=SRC  \\$aBDZ$bblihback
=LAS  \\$a9666$b40$c20200207$lBLL01$h1506

