=LDR  01897 am a2200481 i 4500
=001  019229793
=003  Uk
=005  20190314090536.0
=008  181009s2018\\\\miua\\\\\b\\\\001\0\eng\d
=FMT  \\$a  BK
=020  \\$a9781940965116
=020  \\$a194096511X
=035  \\$a(OCoLC)1059216134
=040  \\$aCOO$beng$cCOO$dOCLCO$dXII$dAOW$dOCLCA$dUIU$dOCLCF$dUk$erda
=042  \\$aukblderived
=043  \\$ae------
=050  \4$aTS1124.5$b.B37 2018
=100  1\$aBarrett, Timothy,$eauthor.
=245  10$aEuropean hand papermaking :$btraditions, tools, and techniques /$cTimothy D. Barrett ; with an appendix on mould making by Timothy Moore.
=264  \1$aAnn Arbor, Michigan :$bThe Legacy Press,$c2018.
=264  \3$aDexter [Michigan] :$bThomson-Shore, Inc.
=300  \\$axvii, 333 pages :$billustrations (chiefly color) ;$c26 cm +$e3 paper specimens
=336  \\$atext$2rdacontent
=337  \\$aunmediated$2rdamedia
=338  \\$avolume$2rdacarrier
=500  \\$aIncludes "Paper specimens (3)" (three 23 x 17 cm sample sheets of paper) in envelope laid inside rear cover.
=504  \\$aIncludes bibliographical references (pages 321-326) and indexes.
=650  \0$aPapermaking$zEurope.
=650  \0$aPaper, Handmade$zEurope.
=650  \7$aPaper, Handmade.$2fast$0(OCoLC)fst01052593
=650  \7$aPapermaking.$2fast$0(OCoLC)fst01052642
=651  \7$aEurope.$2fast$0(OCoLC)fst01245064
=700  1\$aMoore, Timothy$c(Papermaker)
=710  2\$aLegacy Press (Ann Arbor, Mich.),$epublisher.
=710  2\$aThomson-Shore, Inc.,$eprinter.
=752  \\$aUnited States$bMichigan$dAnn Arbor.
=852  41$aBritish Library$bHMNTS$jYD.2019.b.266
=852  11$aBritish Library$bHMNTS$kRAR$h676.09
=CAT  \\$a9518$b40$c20190201$lBLL01$h1201
=CAT  \\$a11002$b40$c20190314$lBLL01$h0905
=FIN  \\$aY$d20190314
=SID  \\$aZ39$bOCLC
=LAS  \\$a11002$b40$c20190314$lBLL01$h0905

