=LDR  02551cam a2200553 i 4500
=001  019287299
=003  Uk
=005  20190909135243.0
=008  190307s2019\\\\gw\\\\\\\b\\\|0|1\0|fre\\
=FMT  \\$a  BK
=020  \\$a9783110595246
=020  \\$a3110595249
=020  \\$z9783110594782
=040  \\$aUk$beng$cUk$erda
=041  1\$afre$alat$hlat
=042  \\$aukblsr
=100  0\$aAugustine,$cof Hippo, Saint,$d354-430,$eauthor.
=245  10$aCommencement de commentaire sur l'épitre aux Romains /$cAugustine d'Hippone ; introduction, édition critique, traduction et commentaire par Daniel Hadas.
=264  \1$aBerlin ;$aBoston :$bDe Gruyter,$c[2019]
=300  \\$aviii, 407 pages ;$c25 cm.
=336  \\$atext$2rdacontent
=337  \\$aunmediated$2rdamedia
=338  \\$avolume$2rdacarrier
=490  1\$aCorpus scriptorum ecclesiasticorum Latinorum (CSEL). Extra seriem
=546  \\$aText in the original Latin with French translation on facing pages; commentary in French.
=500  \\$aRevised version of the editor's thesis (doctoral)--Université de Paris IV-Sorbonne, 2015.
=530  \\$aAlso available online.
=504  \\$aIncludes bibliographical references and index.
=540  \\$aBritish Library not licensed to copy$c0$5Uk
=630  00$aBible.$pRomans$vCommentaries$vEarly works to 1800.
=600  00$aAugustine,$cof Hippo, Saint,$d354-430.$tEpistolae ad Romanos inchoata expositio.
=630  00$aBible.$pRomans$xCriticism, interpretation, etc.$xHistory$yEarly church, ca. 30-600.
=700  1\$aHadas, Daniel,$d1979-$eeditor,$etranslator,$ewriter of added commentary.
=700  02$aAugustine,$cof Hippo, Saint,$d354-430.$tEpistolae ad Romanos inchoata expositio.$lFrench.
=700  02$aAugustine,$cof Hippo, Saint,$d354-430.$tEpistolae ad Romanos inchoata expositio.$lLatin.
=830  \0$aCorpus scriptorum ecclesiasticorum Latinorum.$pExtra seriem.
=852  11$aBritish Library$bHMNTS$cSPHOA$kMSS.$270
=852  41$aBritish Library$bHMNTS$jZF.9.a.11298
=852  41$aBritish Library$bDSC$j3472.131000
=CAT  \\$a8197$b40$c20190307$lBLL01$h1524
=CAT  \\$a8197$b40$c20190307$lBLL01$h1525
=CAT  \\$aBATCH-CLA$b00$c20190308$lBLL01$h0104
=CAT  \\$a9665$b40$c20190311$lBLL01$h0857
=CAT  \\$aBATCH-CLA$b00$c20190312$lBLL01$h0104
=CAT  \\$a11069$b40$c20190909$lBLL01$h1352
=CAT  \\$aBATCH-CLA$b00$c20190910$lBLL01$h0107
=CFI  0\$aBritish Library not licensed to copy$c0$e07-sep-2011$hC$iTX$5Uk
=FIN  \\$aY$d20190909
=LAS  \\$aBATCH-CLA$b00$c20190910$lBLL01$h0107

