=LDR  04245 am a2200457 i 4500
=001  019362460
=003  Uk
=005  20190508114532.0
=008  180731s2019\\\\caua\\\\\b\\\\001\0\eng\\
=FMT  \\$a  BK
=010  \\$a  2018035657
=020  \\$a9781634000543$qpaperback$qacid-free paper
=020  \\$a1634000544$qpaperback$qacid-free paper
=035  \\$a(OCoLC)1048278063
=040  \\$aDLC$beng$cDLC$dOCLCO$dYDX$dTMA$dHRM$dUk$erda
=042  \\$aukblderived
=050  00$aZ693.3.A88$bE86 2019
=082  00$a025.3/222$223
=245  00$aEthical questions in name authority control /$cJane Sandberg, editor.
=264  \1$aSacramento, CA :$bLibrary Juice Press,$c2019.
=300  \\$avii, 410 pages :$billustrations ;$c23 cm$ccm
=336  \\$atext$btxt$2rdacontent
=336  \\$atext$2rdacontent
=337  \\$aunmediated$bn$2rdamedia
=337  \\$aunmediated$2rdamedia
=338  \\$avolume$bnc$2rdacarrier
=338  \\$avolume$2rdacarrier
=504  \\$aIncludes bibliographical references and index.
=505  0\$aSelf-determination and Privacy. "My Zine Life is My Private Life": Reframing Authority Control from Detective Work to an Ethic of Care / Violet B. Fox and Kelly Swickard -- Identity Theft: How Authority Control Undermines Women's Agency / Michelle M. Kazmer -- When Public Identity Meets Personal Privacy: Ethical Considerations for the Use of Dates of Birth in Name Authority Records for Living Persons / Jennifer M. Martin -- Demographic Characteristics in Personal Name Authority Records and the Ethics of a Person-Centered Approach to Name Authority Control / Thomas A. Whittaker -- Impacts of Colonialism. This is the Oppressor's Language Yet I Need It to Talk to You: Native American Name Authorities at the University of Denver / Erin Elzi and Katherine M. Crowe -- Cataloging Kurdistan: Imagining Liberated Geographies / Heather K. Hughes -- Gender Variance and Transgender Identities. Who Asked You?: Consent, Self-Determination, and the Report of the PCC Ad Hoc Task Group on Gender in Name Authority Records / Kalani Adolpho -- Free to Be... Only He or She: Overcoming Obstacles to Accurately Recording Gender Identity in a Highly-Gendered Language / Ahava Cohen -- Violent Cis-tems: Identifying Transphobia in Library of Congress Name Authority Records / Hale Polebaum-Freeman -- Accuracy of Identity Information and Name Authority Records / Naomi Shiraishi -- Finding "Miss Betty" Joe Carstairs: The Ethics of Unpacking Misnaming in Cataloging and Biographical Practices / Travis L. Wagner -- Challenges to the Digital Scholarly Record. From Personal to Corporate and from Names to Titles: the Challenges of Iranian Scholars with Scientific Publications / Sholeh Arastoopoor and Fatemeh Ahmadinasab -- Barriers to Ethical Linked Data Name Authority Modeling / Ruth Kitchin Tillman -- The Tale of Three Service Types for Researcher Identifiers and the Ethical Implication on Access to Information and Representation of Authors / Anchalee Punigabutra-Roberts -- Emancipatory Collaborations. What's in a Name? Archives for Black Lives in Philadelphia and the Impact of Names and Name Authorities in Archival Description / Alexis A. Antracoli and Katy Rawdon -- Authority Work as Outreach / Tina Gross and Violet B. Fox -- Creating Multilingual and Multiscript Name Authority Records: A Case Study in Meeting the Needs of Inuit Language Speakers in Nunavut / Carol Rigby and Riel Gallant -- An Indigenous Global Perspective of Policy, Procedures and Best Practice / Naomi R. Caldwell.
=520  \\$a"Explores and develops a framework for the ethical practice of name authority control, through theoretical and practice-based essays, stories, content analyses, and other methods"--$cProvided by publisher.
=650  \0$aName authority records (Information retrieval)
=650  \0$aCataloging$xMoral and ethical aspects.
=700  1\$aSandberg, Jane,$d1989-$eeditor.
=852  41$aBritish Library$bDSC$jm19/.10690
=852  11$aBritish Library$bHMNTS$kHUR$h025.3222
=CAT  \\$a9518$b40$c20190409$lBLL01$h1211
=CAT  \\$aCOUTTS-2$b00$c20190424$lBLL01$h2022
=CAT  \\$a11002$b40$c20190508$lBLL01$h1145
=FIN  \\$aY$d20190508
=SID  \\$aZ39$bOCLC
=LAS  \\$a11002$b40$c20190508$lBLL01$h1145

