=LDR  01213 am a2200337 i 4500
=001  019389715
=003  Uk
=005  20190508130546.0
=008  190221s1796\\\\enk\\\\\\\\\\\000\0\eng\c
=FMT  \\$a  BK
=035  \\$a(Uk-ES)006485088
=040  \\$aUk-ES$beng$cUk-ES$edcrmb
=245  04$aThe triumph of Bouverie!$b(Tune, "the vicar and Moses.")
=264  \1$a[Northampton?] :$b[s.n.],$c[1796?]
=300  \\$a1 sheet ([1] p.) ;$c39 x 13 cm (1/4°)
=500  \\$aA slip-song - "The contest is o'er,".
=500  \\$aProbably relates to the general election of 1796.
=500  \\$aCopy catalogued has vertical chain lines.
=510  4\$aESTC,$cT507169
=600  10$aBouverie, Edward,$d1738-1810.
=610  10$aGreat Britain.$bParliament$xElections, 1796$vEarly works to 1800.
=650  \0$aElections$zEngland$zNorthampton$vEarly works to 1800.
=655  \7$aSongs.$2rbgenr
=752  \\$aGreat Britain$bEngland$dNorthampton.
=852  41$aBritish Library$bHMNTS$jHS.74/2444(7)
=852  41$aBritish Library$bHMNTS$hHS.74/2444(8)
=CAT  \\$a14940E$b40$c20190503$lBLL01$h1007
=CAT  \\$a5100$b40$c20190508$lBLL01$h1305
=FIN  \\$aY$d20190503
=SRC  \\$aESTC
=LAS  \\$a5100$b40$c20190508$lBLL01$h1305

