=LDR  01768aam a2200517 i 4500
=001  019395331
=003  Uk
=005  20210422212320.0
=008  190318s2019\\\\enkab\\\\\\\\\000|0|eng|d
=FMT  \\$a  BK
=010  \\$a2019403389  
=015  \\$aGBB984754$2bnb
=016  7\$a019395331$2Uk
=020  \\$a9781851245154 :$q(hbk.)$c£35.00
=040  \\$aStDuBDS$beng$cStDuBDS$dUk$erda
=042  \\$aukblsr
=082  04$a526$223
=100  1\$aBrotton, Jerry,$eauthor.
=245  10$aTalking maps /$cJerry Brotton, Nick Millea.
=264  \1$aOxford :$bBodleian Library,$c2019.
=300  \\$a205 pages :$billustrations (colour), maps (colour) ;$c28 cm.
=336  \\$atext$2rdacontent
=336  \\$astill image$2rdacontent
=336  \\$acartographic image$2rdacontent
=337  \\$aunmediated$2rdamedia
=338  \\$avolume$2rdacarrier
=500  \\$aFormerly CIP.$5Uk
=504  \\$aIncludes bibliographical references (page 200) and index.
=650  \0$aMap drawing$xHistory$vExhibitions.
=650  \0$aCartography$xHistory$vExhibitions.
=650  \7$aCartography.$2fast$0(OCoLC)fst00848025
=650  \7$aMap drawing.$2fast$0(OCoLC)fst01008670
=650  \7$aKarte$2gnd
=650  \7$aKartografie$2gnd
=655  \7$aHistory.$2fast$0(OCoLC)fst01411628
=700  1\$aMillea, Nick,$eauthor.
=700  1\$aHennig, Benjamin,$econtributor.
=852  11$aBritish Library$bMAPS$kMaps Ref.$hA.4$m(24)
=852  41$aBritish Library$bHMNTS$jLC.31.a.24744
=BUF  \\$aN$d20200131
=CAT  \\$aBATCH-CIPN$b00$c20190507$lBLL01$h1725
=CAT  \\$a11237$b40$c20191018$lBLL01$h1043
=CAT  \\$a11131$b40$c20200131$lBLL01$h1416
=CAT  \\$aBATCH-BUOC$b00$c20210422$lBLL01$h2123
=FIN  \\$aY$d20200131
=LAS  \\$aBATCH-BUOC$b00$c20210422$lBLL01$h2123

