=LDR  01299pam a22003851i 4500
=001  019395332
=003  Uk
=005  20201013163805.0
=008  190318s2019\\\\enkab\\\\b\\\\001\0\eng\d
=FMT  \\$a  BK
=015  \\$aGBB984755$2bnb
=016  7\$a019395332$2Uk
=020  \\$a9781851245192 :$q(hbk.)$c£20.00
=040  \\$aStDuBDS$beng$cStDuBDS$dUk$erda
=042  \\$aukblcatcopy
=082  04$a526$223
=100  1\$aAshworth, Mick$c(Cartographer),$eauthor.
=245  10$aWhy north is up :$bmap conventions and where they came from /$cMick Ashworth.
=264  \1$aOxford :$bBodleian Library,$c2019.
=300  \\$a224 pages :$billustrations, maps ;$c24 cm
=336  \\$atext$2rdacontent
=336  \\$astill image$2rdacontent
=337  \\$aunmediated$2rdamedia
=338  \\$avolume$2rdacarrier
=504  \\$aIncludes bibliographical references and index.
=500  \\$aFormerly CIP.$5Uk
=650  \0$aCartography.
=852  11$aBritish Library$bMAPS$kMaps Ref.$hC.1.a$m(55)
=852  41$aBritish Library$bHMNTS$jYC.2020.a.3714
=CAT  \\$aBATCH-CIPN$b00$c20190507$lBLL01$h1725
=CAT  \\$a11237$b40$c20191118$lBLL01$h1533
=CAT  \\$a11131$b40$c20200131$lBLL01$h1411
=CAT  \\$a8318$b40$c20201013$lBLL01$h1638
=FIN  \\$aY$d20200131
=LAS  \\$a8318$b40$c20201013$lBLL01$h1638

