=LDR  01698pam a2200481 i 4500
=001  019434943
=003  Uk
=005  20201117094250.0
=008  190605m20199999enk\\\\\\b\\\|0|1\0|eng|d
=FMT  \\$a  BK
=015  \\$aGBB9A7562$2bnb
=016  7\$a019434943$2Uk
=020  \\$a9780198843115$qv. 1$c£125.00
=020  \\$a9780198860099$qv. 2$c£175.00
=040  \\$aStDuBDS$beng$cStDuBDS$dUk$erda
=042  \\$aukblsr
=082  04$a345.0251$223
=100  1\$aMettraux, Guénaël,$eauthor.
=245  10$aInternational crimes :$blaw and practice /$cGuénaël Mettraux.
=264  \1$aOxford, United Kingdom :$bOxford University Press,$c2019-
=300  \\$a4 volumes :$c26 cm
=336  \\$atext$2rdacontent
=337  \\$aunmediated$2rdamedia
=338  \\$avolume$2rdacarrier
=504  \\$aIncludes bibliographical references and index.
=505  1\$av. 1. Genocide -- v. 2. Crimes against humanity.
=500  \\$aFormerly CIP.$5Uk
=650  \0$aGenocide (International law)
=650  \0$aGenocide$xLaw and legislation.
=650  \0$aGenocide.
=650  \0$aCrimes against humanity (International law)
=650  \0$aCrimes against humanity$xLaw and legislation.
=650  \0$aCrimes against humanity.
=852  41$aBritish Library$bHMNTS$jYC.2020.b.482$ivol. 1
=852  41$aBritish Library$bHMNTS$ivol. 2
=CAT  \\$aBATCH-CIPN$b00$c20190611$lBLL01$h1700
=CAT  \\$aBATCH-UPD$b00$c20190611$lBLL01$h1700
=CAT  \\$a10812$b40$c20190925$lBLL01$h1351
=CAT  \\$aBATCH-UPD$b40$c20200207$lBLL01$h2316
=CAT  \\$a11250$b40$c20200317$lBLL01$h1120
=CAT  \\$a11250$b40$c20201117$lBLL01$h0942
=FIN  \\$aY$d20200317
=LAS  \\$a11250$b40$c20201117$lBLL01$h0942

