=LDR  01519pam a2200457 i 4500
=001  019444267
=003  Uk
=005  20210930130814.0
=008  180425s2019\\\\nyuab\\\\b\\\\001\0\eng\\
=FMT  \\$a  BK
=010  \\$a  2018014760
=015  \\$aGBB9B2325$2bnb
=016  7\$a019444267$2Uk
=020  \\$a9780190639631$qhardback$c£115.00
=040  \\$aStDuBDS$beng$cStDuBDS$dUk$erda
=042  \\$aukblsr
=050  00$aBX3702.3$b.O94 2019
=082  00$a271.53$223
=245  04$aThe Oxford handbook of the Jesuits /$cedited by Ines G. Županov.
=264  \1$aNew York, NY :$bOxford University Press,$c[2019]
=300  \\$axxxvi, 1110 pages :$billustrations, maps (black and white) ;$c26 cm.
=336  \\$atext$2rdacontent
=336  \\$astill image$2rdacontent
=336  \\$acartographic image$2rdacontent
=337  \\$aunmediated$2rdamedia
=338  \\$avolume$2rdacarrier
=490  0\$aOxford handbooks
=504  \\$aIncludes bibliographical references and index.
=500  \\$aFormerly CIP.$5Uk
=610  20$aJesuits.
=700  1\$aŽupanov, Ines G.,$eeditor.
=852  41$aBritish Library$bHMNTS$jYC.2020.b.638
=852  11$aBritish Library$bHMNTS$kHLR$h271.53
=CAT  \\$aBATCH-CIPN$b00$c20190625$lBLL01$h1700
=CAT  \\$a15257$b40$c20191024$lBLL01$h1433
=CAT  \\$a14710$b40$c20200909$lBLL01$h1127
=CAT  \\$a11251$b40$c20210925$lBLL01$h1025
=CAT  \\$a11251$b40$c20210930$lBLL01$h1308
=FIN  \\$aY$d20200909
=SRC  \\$aBLL02
=LAS  \\$a11251$b40$c20210930$lBLL01$h1308

