=LDR  01239pam a2200373 i 4500
=001  019483013
=003  Uk
=005  20201113104543.0
=008  190725s2019\\\\nyu\\\\\\b\\\\001|0|eng|d
=FMT  \\$a  BK
=015  \\$aGBB9C9819$2bnb
=016  7\$a019483013$2Uk
=020  \\$a9780190221201 (hbk.) :$c£47.99
=040  \\$aStDuBDS$beng$cStDuBDS$dUk$erda
=042  \\$aukblcatcopy
=082  04$a285.8092$223
=100  1\$aBezzant, Rhys S.,$eauthor.
=245  10$aEdwards the mentor /$cRhys S. Bezzant.
=264  \1$aNew York :$bOxford University Press,$c[2019]
=300  \\$aviii, 208 pages ;$c24 cm
=336  \\$atext$2rdacontent
=337  \\$aunmediated$2rdamedia
=338  \\$avolume$2rdacarrier
=504  \\$aIncludes bibliographical references and index.
=500  \\$aFormerly CIP.$5Uk
=600  10$aEdwards, Jonathan,$d1703-1758$xFriends and associates.
=650  \0$aMentoring$xReligious aspects$xChristianity.
=852  11$aBritish Library$bSTI$cBIPC
=852  41$aBritish Library$bHMNTS$jYKL.2020.a.11260
=CAT  \\$aBATCH-CIPN$b00$c20190730$lBLL01$h1700
=CAT  \\$a10812$b40$c20191212$lBLL01$h1153
=CAT  \\$a9657$b40$c20201113$lBLL01$h1045
=FIN  \\$aY$d20201113
=LAS  \\$a9657$b40$c20201113$lBLL01$h1045

