=LDR  01801pam a2200493 i 4500
=001  019495208
=003  Uk
=005  20210317081133.0
=008  190626t20192019enkab\\\\b\\\\001|0|eng\d
=FMT  \\$a  BK
=010  \\$a2019401500  
=015  \\$aGBB9D4397$2bnb
=016  7\$a019495208$2Uk
=020  \\$a9781471178931 :$q(hbk.)$c£25.00
=020  \\$z9781471178948$q(Ebook)
=040  \\$aStDuBDS$beng$cStDuBDS$dUk$erda
=042  \\$aukblsr
=082  04$a520.9$223
=100  1\$aBrooke-Hitching, Edward,$eauthor.
=245  14$aThe sky atlas :$bthe greatest maps, myths and discoveries of the universe /$cEdward Brooke-Hitching.
=264  \1$aLondon :$bSimon & Schuster UK Ltd.,$c2019.
=264  \4$c©2019
=300  \\$a255 pages :$billustrations (black and white, and colour), maps (black and white, and colour) ;$c26 cm
=336  \\$atext$2rdacontent
=336  \\$astill image$2rdacontent
=336  \\$acartographic image$2rdacontent
=337  \\$aunmediated$2rdamedia
=338  \\$avolume$2rdacarrier
=500  \\$aFormerly CIP.$5Uk
=500  \\$aIllustrations on lining papers.
=530  \\$aAlso issued online.
=504  \\$aIncludes bibliographical references and index.
=505  0\$aThe ancient sky -- The medieval sky -- The scientific sky -- The modern sky.
=650  \0$aAstronomy$xHistory.
=650  \0$aAstronomy$vCharts, diagrams, etc.
=852  41$aBritish Library$bMAPS$kMaps Ref M.6$h(17)
=852  41$aBritish Library$bHMNTS$jYKL.2021.b.273
=CAT  \\$aBATCH-CIPN$b00$c20190806$lBLL01$h1701
=CAT  \\$a11131$b40$c20191211$lBLL01$h1355
=CAT  \\$aBATCH-BUOC$b00$c20210219$lBLL01$h1001
=CAT  \\$a8317$b40$c20210317$lBLL01$h0809
=CAT  \\$a8317$b40$c20210317$lBLL01$h0811
=FIN  \\$aY$d20210317
=LAS  \\$a8317$b40$c20210317$lBLL01$h0811

