=LDR  01471pam a2200433 i 4500
=001  019496719
=003  Uk
=005  20210104152823.0
=008  190517s2020\\\\enkab\\\\b\\\\001|0|eng|d
=FMT  \\$a  BK
=015  \\$aGBB9D5908$2bnb
=016  7\$a019496719$2Uk
=020  \\$a9781851244928 :$q(hbk.)$c£35.00
=040  \\$aStDuBDS$beng$cStDuBDS$dUk$erda
=042  \\$aukblcatcopy
=082  04$a526.088297$223
=100  1\$aRapoport, Yossef,$d1968-$eauthor.
=245  10$aIslamic maps /$cYossef Rapoport.
=264  \1$aOxford :$bBodleian Library,$c2020.
=300  \\$a191 pages :$billustrations (colour), maps (colour) ;$c29 cm
=336  \\$atext$2rdacontent
=336  \\$astill image$2rdacontent
=336  \\$acartographic image$2rdacontent
=337  \\$aunmediated$2rdamedia
=338  \\$avolume$2rdacarrier
=504  \\$aIncludes bibliographical references and index.
=500  \\$aFormerly CIP.$5Uk
=650  \0$aCartography$zIslamic countries$xHistory.
=650  \0$aIslamic civilization.
=630  00$aQurʾan$xGeography.
=852  11$aBritish Library$bMAPS$kMaps Ref.$hK.5$m(108)
=852  41$aBritish Library$bHMNTS$jLC.31.b.21963
=CAT  \\$aBATCH-CIPN$b00$c20190806$lBLL01$h1701
=CAT  \\$aBATCH-UPD$b00$c20190806$lBLL01$h1713
=CAT  \\$a8337$b40$c20200122$lBLL01$h0853
=CAT  \\$a11131$b40$c20200131$lBLL01$h1405
=CAT  \\$a9657$b40$c20210104$lBLL01$h1528
=FIN  \\$aY$d20210104
=LAS  \\$a9657$b40$c20210104$lBLL01$h1528

