=LDR  01908pam a2200517 i 4500
=001  019503482
=003  Uk
=005  20201217121245.0
=008  190806s2019\\\\nyua\\\\\b\\\\001|0|eng|d
=FMT  \\$a  BK
=015  \\$aGBB9D9125$2bnb
=016  7\$a019503482$2Uk
=020  \\$a9780190460167 :$qv. 1$qhardback$c£97.00
=020  \\$z9780190460198$qv. 1$qebook$cNo price
=020  \\$a9780190460242 :$qv. 2$qhardback$c£97.00
=020  \\$z9780190460266$qv. 2$qebook$cNo price
=040  \\$aStDuBDS$beng$cStDuBDS$dUk$erda
=042  \\$aukblsr
=082  04$a781.11$223
=245  04$aThe Oxford handbook of sound and imagination /$cedited by Mark Grimshaw-Aagaard, Mads Walther-Hansen, and Martin Knakkergaard.
=246  30$aSound and imagination
=264  \1$aNew York, NY :$bOxford University Press,$c[2019]
=300  \\$a2 volumes :$billustrations (black and white) ;$c26 cm
=336  \\$atext$2rdacontent
=337  \\$aunmediated$2rdamedia
=338  \\$avolume$2rdacarrier
=504  \\$aIncludes bibliographical references and index.
=500  \\$aFormerly CIP.$5Uk
=530  \\$aAlso published electronically.
=650  \0$aMusic$xPsychological aspects.
=650  \0$aSound$xPsychological aspects.
=650  \0$aImagination.
=700  1\$aGrimshaw, Mark,$d1963-$eeditor.
=700  1\$aHansen, Mads,$eeditor.
=700  1\$aKnakkergaard, Martin,$d1955-$eeditor.
=776  08$iebook version :$z9780190460198
=776  08$iebook version :$z9780190460266
=852  11$aBritish Library$bHMNTS$kHUS$h363.74
=852  41$aBritish Library$bHMNTS$jYC.2020.b.1133
=852  41$aBritish Library$bHMNTS$jYC.2020.b.1134
=852  11$aBritish Library$bHMNTS$kHUS$h363.74
=CAT  \\$aBATCH-CIPN$b00$c20190813$lBLL01$h1700
=CAT  \\$a11131$b40$c20191021$lBLL01$h0937
=CAT  \\$a11250$b40$c20201217$lBLL01$h1212
=FIN  \\$aY$d20191021
=LAS  \\$a11250$b40$c20201217$lBLL01$h1212

