=LDR  02173aam a2200529 i 4500
=001  019520155
=003  Uk
=005  20210506213031.0
=008  190821s2019\\\\enkab\\\\b\\\\001|0|eng|d
=FMT  \\$a  BK
=010  \\$a2019035707  
=015  \\$aGBB9E6463$2bnb
=016  7\$a019520155$2Uk
=020  \\$a9781108427913 :$q(hbk.)$c£69.99
=020  \\$a9781108448383 :$q(pbk.)$c£22.99
=020  \\$z9781108556682 (PDF ebook) :$cNo price
=040  \\$aStDuBDS$beng$cStDuBDS$dUk$erda
=042  \\$aukblsr
=082  00$a956.9504$223
=100  1\$aRobins, Philip,$eauthor.
=245  12$aA history of Jordan /$cPhilip Robins.
=250  \\$aSecond edition.
=264  \1$aCambridge :$bCambridge University Press,$c2019.
=300  \\$axxvi, 316 pages :$billustrations (black and white), maps (black and white) ;$c24 cm.
=336  \\$atext$2rdacontent
=336  \\$astill image$2rdacontent
=336  \\$acartographic image$2rdacontent
=337  \\$aunmediated$2rdamedia
=338  \\$avolume$2rdacarrier
=500  \\$aFormerly CIP.$5Uk
=504  \\$aIncludes bibliographical references and index.
=505  0\$aOn the edge of empire -- Founding state and regime --The long road to independence -- Loss of innocence -- The roaring fifties -- The road to disaster -- Illusions of progress -- Hussein's choices -- Abdullah's governance debate at home -- International relations under Abdullah -- Conclusion : Jordan: still a politely run authoritarian state..
=650  \7$aHISTORY / Middle East / General$2bisacsh
=651  \0$aJordan$xHistory$y20th century.
=651  \0$aJordan$xHistory$y21st century.
=776  08$iebook version :$z9781108556682
=852  11$aBritish Library$bHMNTS$kHLR$h956.95
=852  41$aBritish Library$bHMNTS$jYC.2021.a.812
=BUF  \\$aN$d20200228
=CAT  \\$aBATCH-CIPN$b00$c20190827$lBLL01$h1700
=CAT  \\$aBATCH-CIPC$b00$c20191001$lBLL01$h1700
=CAT  \\$aBATCH-016$c20191002$lBLL01$h2212
=CAT  \\$a11012$b40$c20200222$lBLL01$h1054
=CAT  \\$a11131$b40$c20200228$lBLL01$h0731
=CAT  \\$aBATCH-BUOC$b00$c20210506$lBLL01$h2130
=FIN  \\$aY$d20200228
=LAS  \\$aBATCH-BUOC$b00$c20210506$lBLL01$h2130

