=LDR  01672pam a2200469 i 4500
=001  019567995
=003  Uk
=005  20210429120210.0
=008  191001t20192019nyua\\\\\b\\\\001|0|eng|d
=FMT  \\$a  BK
=015  \\$aGBB9G6494$2bnb
=016  7\$a019567995$2Uk
=020  \\$a9780190213398 :$q(hbk.)$c£97.00
=020  \\$z9780190213411 :$q(ebook)$cNo price
=040  \\$aStDuBDS$beng$cStDuBDS$dUk$erda
=042  \\$aukblcatcopy
=082  04$a225.83067$223
=245  04$aThe Oxford handbook of New Testament, gender, and sexuality /$cedited by Benjamin H. Dunning.
=246  30$aNew Testament, gender, and sexuality
=264  \1$aNew York, NY :$bOxford University Press,$c[2019]
=264  \4$c©2019
=300  \\$axxv, 706 pages :$billustrations (black and white) ;$c26 cm.
=336  \\$atext$2rdacontent
=337  \\$aunmediated$2rdamedia
=338  \\$avolume$2rdacarrier
=490  0\$aOxford handbooks
=530  \\$aAlso issued online.
=504  \\$aIncludes bibliographical references and index.
=500  \\$aFormerly CIP.$5Uk
=630  00$aBible.$pNew Testament$xCriticism, interpretation, etc.
=650  \0$aSex$xBiblical teaching.
=650  \0$aSex$xReligious aspects$xChristianity.
=700  1\$aDunning, Benjamin H.,$eeditor.
=776  08$iebook version :$z9780190213411
=852  11$aBritish Library$bHMNTS$kHLR$h225.8306
=852  41$aBritish Library$bHMNTS$jYC.2021.b.117
=CAT  \\$aBATCH-CIPN$b00$c20191008$lBLL01$h1700
=CAT  \\$a6923$b40$c20200219$lBLL01$h1143
=CAT  \\$a11131$b40$c20200228$lBLL01$h0735
=CAT  \\$a8317$b40$c20210429$lBLL01$h1202
=FIN  \\$aY$d20200228
=LAS  \\$a8317$b40$c20210429$lBLL01$h1202

