=LDR  01911cam a2200481 i 4500
=001  019575579
=003  Uk
=005  20220830132836.0
=008  191010m20209999enka\\\\\b\\\|001|0|eng|d
=FMT  \\$a  BK
=015  \\$aGBB9H0680$2bnb
=016  7\$a019575579$2Uk
=020  \\$a9781108483391$qv. I$qhardback$c£110.00
=020  \\$a9781316510544$qv. II$qhardback$c£110.00
=020  \\$z9781009037273$qv. II$qPDF$c£88.00
=020  \\$z9781009037136$qv. II$qPDF$c£140.00
=040  \\$aStDuBDS$beng$cStDuBDS$dUk$erda
=082  04$a345$223
=245  00$aCore concepts in criminal law and criminal justice /$cgeneral editor, Kai Ambos.
=264  \1$aCambridge :$bCambridge University Press,$c2020-
=300  \\$avolumes :$billustrations (black and white) ;$c24 cm
=336  \\$atext$2rdacontent
=337  \\$aunmediated$2rdamedia
=338  \\$avolume$2rdacarrier
=504  \\$aIncludes bibliographical references and index.
=505  1\$av. I. Anglo-German dialogues / editors, Antony Duff, Julian Roberts, Thomas Weigend ; assistant editor, Alexander Heinze -- v. II. [no special title] / edited by Kai Ambos, Antony Duff, Alexander Heinze, Julian Roberts, Thomas Weigend.
=500  \\$aFormerly CIP.$5Uk
=650  \0$aCriminal law.
=650  \0$aCriminal justice, Administration of.
=700  1\$aAmbos, Kai,$eeditor.
=700  1\$aDuff, Antony,$eeditor.
=700  1\$aRoberts, Julian V.,$eeditor.
=700  1\$aWeigend, Thomas,$eeditor.
=700  1\$aAmbos, Kai,$eeditor.
=700  1\$aHeinze, Alexander,$eeditor.
=852  41$aBritish Library$bHMNTS$ivol. 2
=852  41$aBritish Library$bHMNTS$jYC.2021.a.4593$ivol. I
=CAT  \\$aBATCH-CIPN$b00$c20191015$lBLL01$h1700
=CAT  \\$a10812$b40$c20200810$lBLL01$h1141
=CAT  \\$a6989$b40$c20211101$lBLL01$h1522
=CAT  \\$a11250$b40$c20220830$lBLL01$h1328
=FIN  \\$aY$d20211101
=LAS  \\$a11250$b40$c20220830$lBLL01$h1328

