=LDR  03931 am a2200541 i 4500
=001  019688729
=003  Uk
=005  20200219135325.0
=008  190416t20192019fr\ab\\\\b\\\\001\0\fre\d
=FMT  \\$a  BK
=020  \\$a9782717727982$q(hardback)
=020  \\$a2717727981
=035  \\$a(OCoLC)1101124637
=040  \\$aPUL$beng$cPUL$dOCLCO$dOCLCF$dGZN$dJPG$dUk$erda
=042  \\$aukblderived
=050  \4$aGA195.P37$bM66 2019
=245  03$aLe monde en sphères /$csous la direction de Catherine Hofmann et François Nawrocki.
=264  \1$aParis :$bBibliothèque nationale de France,$c[2019]
=264  \4$c©2019
=300  \\$a271 pages :$billustrations (chiefly color), maps ;$c29 cm
=336  \\$atext$btxt$2rdacontent
=336  \\$astill image$bsti$2rdacontent
=336  \\$acartographic image$bcri$2rdacontent
=337  \\$aunmediated$bn$2rdamedia
=338  \\$avolume$bnc$2rdacarrier
=500  \\$aPublished on the occasion of the exhibition held at the Bibliothèque national de France, Paris, France, April 16-July 21, 2019 and at the Louvre Abu Dhabi, Abu Dhabi, United Arab Emirates, March 23-June 2, 2018.
=504  \\$aIncludes bibliographical references (pages 252-258) and index.
=520  \\$a"Des consoles de bureau aux salles de classe, le globe est aujourd'hui un objet familier, banal. Pourtant, pendant deux millénaires, sphères célestes et terrestres témoignèrent des nouvelles découvertes et des hypothèses astronomiques et géographiques de leur temps. Comment nos ancêtres se représentaient-ils l'univers? Où, quand et comment la représentation sphérique du monde a-t-elle émergé et s'est-elle progressivement imposée? Quels développements scientifiques, mais aussi culturels ou encore artistiques, a-t-elle-favorisés? D'Aristote à la conquête spatiale en passant par Copernic, Galilée et Newton, cet ouvrage retrace l'histoire des représentations du ciel et de la Terre qui voit l'humanité passer de la conception d'un monde sphérique, clos et centré sur la Terre, à celle d'un univers infini en perpétuelle évolution. Deux cents oeuvres, pour la plupart issues des collections de la Bibliothèque nationale de France, illustrent ici le propos. Des sphères de taille et de facture variées, souvent uniques, sont présentées en regard de pièces d'une grande diversité qui en éclairent la production, les usages ainsi que la symbolique : vestiges archéologiques, monnaies et camées, traités manuscrits ou imprimés, mappemondes, estampes et peintures, oeuvres d'art contemporaines. Un voyage exceptionnel qui rend hommage aux penseurs et aux savants qui, de sphère en sphère et de cercle en ellipse, ont approché la modélisation d'un cosmos qui n'a pas fini de livrer ses secrets."--Page 4 of cover.
=610  20$aBibliothèque nationale (France).$bDépartement des cartes et plans$vExhibitions.
=650  \0$aGlobes$vExhibitions.
=650  \0$aCelestial globes$vExhibitions.
=650  \0$aCartographic materials$vExhibitions.
=610  27$aBibliothèque nationale (France).$bDépartement des cartes et plans.$2fast$0(OCoLC)fst00513043
=650  \7$aCartographic materials.$2fast$0(OCoLC)fst00848024
=650  \7$aCelestial globes.$2fast$0(OCoLC)fst00850131
=650  \7$aGlobes.$2fast$0(OCoLC)fst00943553
=655  \7$aExhibition catalogs.$2fast$0(OCoLC)fst01424028
=700  1\$aHofmann, Catherine,$d1966-$eeditor.
=700  1\$aNawrocki, François,$eeditor.
=710  2\$aBibliothèque nationale de France,$ehost institution.
=710  2\$aLouvre Abu Dhabi,$ehost institution.
=852  11$aBritish Library$bMAPS$kMaps Ref$hD.1.a$m(66)
=852  41$aBritish Library$bHMNTS$jLF.31.b.14419
=CAT  \\$a9518$b40$c20200128$lBLL01$h1628
=CAT  \\$a11131$b40$c20200219$lBLL01$h1353
=FIN  \\$aY$d20200219
=SID  \\$aZ39$bOCLC
=LAS  \\$a11131$b40$c20200219$lBLL01$h1353

