=LDR  01374cam a2200361 i 4500
=001  020588834
=003  Uk
=005  20220915153412.0
=008  220301m20219999quca\\\\\\\\\|0|0\1|fre\\
=FMT  \\$a  BK
=020  \\$a9782760994782$qv. 2
=040  \\$aUk$beng$cUk$erda
=042  \\$aukblsr
=100  1\$aMaillet, Antonine,$d1929-$eauthor.
=240  10$aWorks
=245  10$aŒuvres /$cAntonine Maillet.
=264  \1$a[Montréal] :$bLeméac éditeur,$c[2021]
=300  \\$avolumes :$billustrations (black and white) ;$c21 cm.
=336  \\$atext$2rdacontent
=337  \\$aunmediated$2rdamedia
=338  \\$avolume$2rdacarrier
=490  0\$aCorpus
=588  \\$aDescription based on: Volume 2, published 2021.
=505  1\$aII. Christophe Cartier de la Noisette dit Nounours --Crache à Pic -- Le huitième jour -- L'Oursiade -- Les confessions de Jeanne de Valois -- LÎle-aux-Puces -- Le chemin Saint-Jacques -- Chronique d'une sorcière de vent.
=852  41$aBritish Library$bHMNTS$i[vol.1]
=852  41$aBritish Library$bHMNTS$jYF.2022.a.22342
=CAT  \\$a10904$b40$c20220519$lBLL01$h1222
=CAT  \\$a11069$b40$c20220915$lBLL01$h1530
=CAT  \\$a11069$b40$c20220915$lBLL01$h1533
=CAT  \\$a11069$b40$c20220915$lBLL01$h1534
=CAT  \\$aW2308-1659$c20230923$lBLL01$h1001
=FIN  \\$aY$d20220915
=LAS  \\$aW2308-1659$b00$c20230923$lBLL01$h1001

