=LDR  01658 as a2200493 a 4500
=001  016272476
=003  Uk
=005  20150714130541.0
=007  ta
=008  130208d200u2014enkar\p\\\\\\\0\\\a0eng\\
=FMT  \\$a  SE
=040  \\$aUk$beng$cUk$dUk
=042  \\$aukblsr
=082  04$a381.14106541$223
=110  2\$aMarks & Spencer plc.
=245  10$aYour M & S :$bhow we do business report ...
=246  3\$aYour Marks & Spencer
=246  3\$aYour M&S
=246  3\$aYour M and S
=246  1\$iSubtitle change:$aYour M & S :$bplan A report,$f2013-
=260  \\$aLondon :$bMarks & Spencers
=300  \\$av. :$bcol. ill., col. ports. ;$c30 cm.
=310  \\$aAnnual
=336  \\$atext$2rdacontent
=337  \\$aunmediated$2rdamedia
=338  \\$avolume$2rdacarrier
=530  \\$aAlso issued online.
=588  \\$aDescription based on: 2008 issue.
=588  \\$aLatest issue consulted: 2014.
=610  20$aMarks & Spencer plc$vPeriodicals.
=690  7\$aManagement and Business Studies$2blcoll
=785  00$aMarks & Spencer plc.$tPlan A report
=852  41$aBritish Library$bSTI$cBIPC$kTrade Literature Collection$32010-2014
=852  41$aBritish Library$bHMNTS$jZD.9.b.1776$3Issue report 2008-2010
=CAT  \\$a5110$b40$c20130208$lBLL01$h1207
=CAT  \\$a5110$b40$c20130529$lBLL01$h1313
=CAT  \\$a8124$b40$c20130904$lBLL01$h1249
=CAT  \\$aBATCH-MBS$c20130927$lBLL01$h2133
=CAT  \\$a5997$b40$c20140724$lBLL01$h1257
=CAT  \\$a11205$b40$c20141230$lBLL01$h1058
=CAT  \\$a5997$b40$c20150714$lBLL01$h1305
=FIN  \\$aY$d20130208
=LET  \0$aYour M & S: plan A report
=LAS  \\$a5997$b40$c20150714$lBLL01$h1305

