=LDR  01925 am a2200493 a 4500
=001  016279026
=003  Uk
=005  20131125162230.0
=008  130214s2012\\\\enkabf\\\b\\\\001\0\eng\c
=FMT  \\$a  BK
=015  \\$aGBB314547$2bnb
=016  7\$a016279026$2Uk
=020  \\$a9780712358811 (hardback)
=035  \\$a(UkOxU)019449874
=040  \\$aUkOxU$beng$cUkOxU$dUk
=042  \\$aukscp
=082  04$a028.909421209024$223
=100  1\$aBoffey, Julia.
=245  10$aManuscript and print in London, c. 1475-1530 /$cJulia Boffey.
=260  \\$aLondon :$bBritish Library,$c2012.
=300  \\$axxii, 246 pages, 8 unnumbered pages of plates :$billustrations, map ;$c25 cm.
=336  \\$atext$2rdacontent
=337  \\$aunmediated$2rdamedia
=338  \\$avolume$2rdacarrier
=504  \\$aIncludes bibliographical references (p. [208]-234) and indexes.
=650  \0$aManuscripts$zEngland$zLondon$xHistory$yTo 1500.
=650  \0$aManuscripts$zEngland$zLondon$xHistory$y16th century.
=650  \0$aIncunabula$zEngland$zLondon.
=650  \0$aBook industries and trade$zEngland$zLondon$xHistory$yTo 1500.
=650  \0$aBook industries and trade$zEngland$zLondon$xHistory$y16th century.
=650  \0$aPrinting$zEngland$zLondon$xHistory$yTo 1500.
=650  \0$aPrinting$zEngland$zLondon$xHistory$y16th century.
=650  \0$aBooks and reading$zEngland$zLondon$xHistory$yTo 1500.
=650  \0$aBooks and reading$zEngland$zLondon$xHistory$y16th century.
=852  11$aBritish Library$bMAPS$kMSS.$h091
=852  41$aBritish Library$bHMNTS$jYC.2013.b.2595
=985  \\$aLDLSCP record - no ISBN match on import to BLL01
=CAT  \\$aBATCH-LDLN$b00$c20130218$lBLL01$h2103
=CAT  \\$a11029$b40$c20130416$lBLL01$h1348
=CAT  \\$a6632$b40$c20131125$lBLL01$h1622
=CAT  \\$aWR16_021$c20160708$lBLL01$h1808
=FIN  \\$aY$d20131125
=SRC  \\$aBDZ$bblihback
=LAS  \\$aWR16_021$b00$c20160708$lBLL01$h1808

