=LDR  01661 am a22004571i 4500
=001  016305261
=003  Uk
=005  20140403212718.0
=008  140328s2012\\\\enka\\\\\d\\\\000\0ceng\d
=FMT  \\$a  BK
=015  \\$aGBB436421$2bnb
=016  7\$a016305261$2Uk
=020  \\$a9781870536998 (paperback)
=040  \\$aIiNdDKA$beng$cIiNdDKA$erda
=042  \\$aukblsr
=043  \\$ae-uk---
=082  04$a780.92241$223
=100  10$aLeach, Gerald,$eauthor.
=245  10$aBritish composer profiles :$ba biographical dictionary of past British composers, 1800-2010 /$cby Gerald Leach ; revised and edited by Ian Graham-Jones.
=250  \\$aThird edition.
=264  \1$a[Ilford, Essex] :$bThe British Music Society,$c2012.
=300  \\$aviii, 249 pages :$billustrations (black and white) ;$c23 cm
=336  \\$atext$2rdacontent
=337  \\$aunmediated$2rdamedia
=338  \\$avolume$2rdacarrier
=650  \0$aComposers$zGreat Britain$vBiography$vDictionaries.
=650  \0$aMusic$zGreat Britain$vChronology.
=700  1\$aGraham-Jones, Ian,$eeditor.
=710  2\$aBritish Music Society,$eissuing body.
=852  41$aBritish Library$bHMNTS$jYC.2014.a.1361
=852  11$aBritish Library$bHMNTS$kMUS$h780.922
=985  \\$aNETCAT record
=CAT  \\$aBATCH-ALDL$b00$c20130321$lBLL01$h2134
=CAT  \\$a11012$b40$c20130430$lBLL01$h1007
=CAT  \\$a8317$b40$c20140201$lBLL01$h0737
=CAT  \\$aBATCH-SURR$b00$c20140403$lBLL01$h2126
=CAT  \\$aBATCH-UPD$b00$c20141003$lBLL01$h1207
=CAT  \\$aWR16_021$c20160708$lBLL01$h1812
=FIN  \\$aY$d20140403
=SRC  \\$aNETCAT$bnetcatprn.20140403
=LAS  \\$aWR16_021$b00$c20160708$lBLL01$h1812

