=LDR  02008pam a2200481 i 4500
=001  016308922
=003  Uk
=005  20130821095158.0
=008  130312s2013\\\\enka\\\\\b\\\|0|1\0|eng|d
=FMT  \\$a  BK
=015  \\$aGBB330145$2bnb
=016  7\$a016308922$2Uk
=020  \\$a9781848933521 (set) :$c£295.00
=040  \\$aStDuBDS$beng$cStDuBDS$dUk$erda
=042  \\$aukblsr
=082  04$a368.320094109034$223
=245  00$aAnglo-American life insurance, 1800-1914 /$cedited by Timothy Alborn and Sharon Ann Murphy.
=264  \1$aLondon :$bPickering & Chatto,$c2013.
=300  \\$a3 volumes :$billustrations (black and white) ;$c24 cm
=336  \\$atext$2rdacontent
=337  \\$aunmediated$2rdamedia
=338  \\$avolume$2rdacarrier
=504  \\$aIncludes bibliographical references and index.
=505  0\$av. 1. What is life insurance? Why should you insure? Selling life insurance to the public -- v. 2. Running a life insurance company -- v. 3. Mortality and risk.
=500  \\$aFormerly CIP.$5Uk
=650  \0$aLife insurance$zGreat Britain$xHistory$y19th century$vSources.
=650  \0$aLife insurance$zUnited States$xHistory$y19th century$vSources.
=690  7\$aManagement and Business Studies$2blcoll
=700  1\$aAlborn, Timothy L.,$d1964-$eeditor of compilation.
=700  1\$aMurphy, Sharon Ann,$d1974-$eeditor of compilation.
=852  41$aBritish Library$bHMNTS$jYC.2013.a.11007$ivol.3
=852  41$aBritish Library$bHMNTS$jYC.2013.a.11005$ivol.1
=852  41$aBritish Library$bHMNTS$ivol. 2
=852  41$aBritish Library$bHMNTS$jYC.2013.a.11006$ivol.2
=CAT  \\$aBATCH-CIPN$b00$c20130326$lBLL01$h1701
=CAT  \\$aBATCH-CIPC$b00$c20130411$lBLL01$h1151
=CAT  \\$a11012$b40$c20130816$lBLL01$h1150
=CAT  \\$a11250$b40$c20130821$lBLL01$h0940
=CAT  \\$a11250$b40$c20130821$lBLL01$h0951
=CAT  \\$aBATCH-MBS$c20130830$lBLL01$h2123
=CAT  \\$aWR16_021$c20160708$lBLL01$h1812
=FIN  \\$aY$d20130821
=LAS  \\$aWR16_021$b00$c20160708$lBLL01$h1812

