=LDR  08417cam a2201117 i 4500
=001  016309773
=003  Uk
=005  20211231173326.0
=008  130328s2013\\\\xxua\\\\\b\\\\101\0\eng\\
=FMT  \\$a  BK
=015  \\$aGBB352576$2bnb
=016  7\$a016309773$2Uk
=020  \\$a9781118605745
=040  \\$aUk$beng$cUk$erda
=042  \\$aukblsr
=082  04$a669$223
=111  2\$aEPD Congress$d(2013 :$cSan Antonio, Tex.)
=CNF  \\$aMinerals, Metals and Materials Society.$eExtraction and Processing Division (Congress)$d(2013 Mar :$cSan Antonio, TX)
=245  10$aEPD Congress 2013 :$bproceedings of the symposia sponsored by the Extraction & Processing Division (EPD) of the Minerals, Metals & Materials Society (TMS) ; held during the TMS 2013 annual meeting & exhibition, San Antonio, Texas, USA, March 3-7, 2013 /$cedited by Michael L. Free, Andreas H. Siegmund.
=264  \1$aHoboken, New Jersey :$bWiley,$c[2013]
=300  \\$axiii, 296 pages :$billustrations (black and white) ;$c23 cm
=336  \\$atext$2rdacontent
=337  \\$aunmediated$2rdamedia
=338  \\$avolume$2rdacarrier
=500  \\$a"ISSN number 1079-7580"--Title page verso.
=591  \\$aPapers.
=504  \\$aIncludes bibliographical references and index.
=505  0\$aCover; Title Page; Copyright Page; TABLE OF CONTENTS; EPD Council 2013; EPD Honors and Awards 2013; Modeling of Multi-Scale Phenomena in Materials Processing -- III; Microstructure Evolution I; Numerical Simulation of Solute Diffusion-Controlled Dendritic Growth with Cellular Automaton Method; Multi-Scale Modelling Using 3-Dimensional Adaptive Meshing with an Implicit, Multigrid Solver: A Crystallization Example; Modeling of Electromagnetic Stirring in the DC Casting of Aluminum with ANSYS; Microstructure Evolution II; Computational Multi-Phase Modeling of Cast Energetic Materials.
=505  8\$aLarge Scale Parallel Lattice Boltzmann Model of Dendritic GrowthThin Wall Ductile Iron Castings Modeling by Cellular Automaton; Coupled Flow-Thermal-Microstructural Modeling of the Scanning Laser Epitaxy Process; Heat Treatment; Internal Stress Generation during Quenching of Thick Heat Treatable Aluminium Alloys; A High Order Mathematical Model for Calculating Casting Temperature Field Based on ADI Method; Microstructure Evolution Modeling for Solution Treatment of Aluminum Alloys; Yield Strength Prediction for Rapid Age-hardening Heat Treatment of Aluminum Alloys; Microstructure Effects.
=505  8\$aStudy on Effects of Interfacial Anisotropy and Elastic Interaction on Morphology Evolution and Growth Kinetics of a Single Precipitate in Mg-Al Alloy by Phase Field ModellingSimulation of Microstructural Morphology Evolution of Ni-45wt.%Mo Droplets during Rapid Solidification Process; Fluid Dynamics and Solidification; Numerical Simulating Study on the Solidification Process of Continuous Casting Billet; Optimum Effect of Factors Influencing on Sacrificial Cathodic Protection for Steel Wall; Modeling on Fluid Flow and Inclusion Motion in a Continuous Casting FC-Mold.
=505  8\$aNumerical Simulation of Temperature Field and Pressure in Super Large Regenerative Rotary Hearth FurnaceProduction, Refining and Recycling of Rare Earth Metals; Production, Refining and Recycling of Rare Earth Metals; The Ternary System Thermodynamics of Phase Diagram Analysis of Cerium Rare Earth Oxides in Supercritical Water; Removing Aluminum from Chlorinated Rare Earth Solution by Hydrolysis; Solar Cell Silicon; Silicon Production and Refining; Production of Silicon from Silica: Solid-Oxide-Membrane Based Electrolysis Process; Carbochlorination Reduction of Silica Oxides.
=505  8\$aSolar Grade Silicon Purification Using Liquid Phase Migration TechniqueAlloying Refining of Metallurgical Grade Silicon with Rare Earth Elements; Effect of Oxygen and Carbon on Lifetime in Cz Silicon Pulled from Top-Cuts of Casted Multi-crystalline Ingot; Effect of Impurities in Monocrystalline Silicon for Solar Cells; Slag-based Refining of Silicon and Solar Cell Advances; Reductive Removal of Phosphorus in Silicon Using CaO-CaF2 Slag; Boron and Phosphors Distribution Equilibria among the Molten Si, Slag and Metal Phases.
=500  \\$aAntireflective Silicon Nanostructures Fabricated by Cheap Chemical Etchant and Coated by Atomic Layer Deposited Al2O3 Layer.
=520  \\$aEPD Congress is an annual collection of conference proceedings that addresses extraction and processing metallurgy. The papers in this book are drawn from symposia held at the 2013 Annual Meeting of The Minerals, Metals & Materials Society. The 2013 edition is divided into three sections: Modeling of Multi-Scale Phenomena in Materials Processing - IIIProduction, Refining and Recycling of Rare Earth MetalsSolar Cell Silicon.
=540  \\$aCurrent Copyright Fee: GBP5.11$c0$5Uk
=650  \0$aMetallurgy$vCongresses.
=650  \0$aOre-dressing$vCongresses.
=650  \0$aExtraction (Chemistry)$vCongresses.
=653  1\$aMetals
=653  1\$aEDP
=653  2\$aExtraction
=653  1\$aTMS
=710  2\$aMinerals, Metals and Materials Society.$bExtraction and Processing Division,$esponsoring body.
=710  2\$aMinerals, Metals and Materials Society.$bAnnual Meeting.$n(142nd :$d2013 :$cSan Antonio, Tex.)
=700  1\$aFree, Michael,$eeditor of compilation.
=700  1\$aSiegmund, A.$q(Andreas),$eeditor of compilation.
=852  41$aBritish Library$bDSC$j3793.389000
=852  11$aBritish Library$bHMNTS$k(B)$h669
=945  \\$aEPD Congress ; 2013
=CAT  \\$a8411$b40$c20130328$lBLL01$h1616
=CAT  \\$aIPL-CLA$c20160930$lBLL01$h1638
=CAT  \\$aBATCH-CLA$b00$c20170321$lBLL01$h1728
=CAT  \\$aIPL-CLA$c20170331$lBLL01$h1916
=CAT  \\$aBATCH-CLA$b00$c20170921$lBLL01$h1814
=CAT  \\$aIPL-CLA$c20170929$lBLL01$h1801
=CAT  \\$aBATCH-CLA$b00$c20171221$lBLL01$h1234
=CAT  \\$aIPL-CLA$c20171231$lBLL01$h1818
=CAT  \\$aBATCH-CLA$b00$c20180319$lBLL01$h1741
=CAT  \\$aIPL-CLA$c20180331$lBLL01$h1704
=CAT  \\$aBATCH-CLA$b00$c20180920$lBLL01$h1613
=CAT  \\$aIPL-CLA$c20180930$lBLL01$h1515
=CAT  \\$aBATCH-CLA$b00$c20190924$lBLL01$h1855
=CAT  \\$aIPL-CLA$c20190930$lBLL01$h1652
=CAT  \\$aBATCH-CLA$b00$c20200325$lBLL01$h1234
=CAT  \\$aIPL-CLA$c20200331$lBLL01$h1629
=CAT  \\$aBATCH-CLA$b00$c20200619$lBLL01$h1525
=CAT  \\$aIPL-CLA$c20200701$lBLL01$h0114
=CAT  \\$aBATCH-CLA$b00$c20210328$lBLL01$h1255
=CAT  \\$aIPL-CLA$c20210331$lBLL01$h1901
=CAT  \\$aBATCH-CLA$b00$c20210617$lBLL01$h1344
=CAT  \\$aIPL-CLA$c20210704$lBLL01$h1125
=CAT  \\$aBATCH-CLA$b00$c20210928$lBLL01$h1448
=CAT  \\$aIPL-CLA$c20210930$lBLL01$h1657
=CAT  \\$aBATCH-CLA$b00$c20211222$lBLL01$h1552
=CAT  \\$aIPL-CLA$c20211231$lBLL01$h1733
=CFI  0\$aCurrent Copyright Fee: GBP5.11$c0$e01-jan-2022$fGBP5.11$g0$hC$5Uk
=CFI  2\$aPrevious Copyright Fee: GBP4.97$c0$e01-oct-2021$fGBP4.97$g0$hC$5Uk
=FIN  \\$aY$d20130530
=TCO  \\$aTRS$bCCC$c008
=ACF  \\$aPrevious Copyright Fee: GBP4.20$c0$e01-oct-2013$fGBP4.20$g0$hC$5Uk
=ACF  \\$aPrevious Copyright Fee: GBP4.38$c0$e01-jan-2014$fGBP4.38$g0$hC$5Uk
=ACF  \\$aPrevious Copyright Fee: GBP4.24$c0$e01-jul-2014$fGBP4.24$g0$hC$5Uk
=ACF  \\$aPrevious Copyright Fee: GBP4.67$c0$e01-apr-2015$fGBP4.67$g0$hC$5Uk
=ACF  \\$aPrevious Copyright Fee: GBP4.83$c0$e01-apr-2016$fGBP4.83$g0$hC$5Uk
=ACF  \\$aPrevious Copyright Fee: GBP5.19$c0$e01-oct-2016$fGBP5.19$g0$hC$5Uk
=ACF  \\$aPrevious Copyright Fee: GBP5.60$c0$e01-apr-2017$fGBP5.60$g0$hC$5Uk
=ACF  \\$aPrevious Copyright Fee: GBP5.32$c0$e01-oct-2017$fGBP5.32$g0$hC$5Uk
=ACF  \\$aPrevious Copyright Fee: GBP5.38$c0$e01-jan-2018$fGBP5.38$g0$hC$5Uk
=ACF  \\$aPrevious Copyright Fee: GBP5.00$c0$e01-apr-2018$fGBP5.00$g0$hC$5Uk
=ACF  \\$aPrevious Copyright Fee: GBP5.38$c0$e01-oct-2018$fGBP5.38$g0$hC$5Uk
=ACF  \\$aPrevious Copyright Fee: GBP5.60$c0$e01-oct-2019$fGBP5.60$g0$hC$5Uk
=ACF  \\$aPrevious Copyright Fee: GBP5.38$c0$e01-apr-2020$fGBP5.38$g0$hC$5Uk
=ACF  \\$aPrevious Copyright Fee: GBP5.60$c0$e01-jul-2020$fGBP5.60$g0$hC$5Uk
=ACF  \\$aPrevious Copyright Fee: GBP5.21$c0$e01-apr-2021$fGBP5.21$g0$hC$5Uk
=ACF  \\$aPrevious Copyright Fee: GBP5.06$c0$e01-jul-2021$fGBP5.06$g0$hC$5Uk
=LAS  \\$aIPL-CLA$b00$c20211231$lBLL01$h1733

