=LDR  01871pam a2200565 i 4500
=001  016383289
=003  Uk
=005  20140613104108.0
=008  120913s2013\\\\enka\\\\\b\\\\000\0\eng\c
=FMT  \\$a  BK
=015  \\$aGBB365200$2bnb
=016  7\$a016383289$2Uk
=020  \\$a9780712358927 (hbk.) :$c£10.00
=020  \\$a0712358927 (hbk.) :$c£10.00
=035  \\$a(UkOxU)019536385
=035  \\$a(OCoLC)ocn809911129
=035  \\$a(OCoLC)809911129$z(OCoLC)810113512
=035  \\$a(StEdNL)4977088
=035  \\$a(UkLCURL)704977088
=038  \\$aOCoLC
=040  \\$aUK-WkNB$beng$cUK-WkNB$dUkOxU$dUk
=042  \\$aukscp
=050  \4$aSF422.5$b.W35 2013
=082  04$a704.943297720902$223
=100  1\$aWalker-Meikle, Kathleen,$eauthor.
=245  10$aMedieval dogs /$cKathleen Walker-Meikle.
=264  \1$aLondon :$bThe British Library,$c2013.
=264  \4$c©2013
=300  \\$a89 pages :$bcolour illustrations ;$c20 cm
=336  \\$atext$2rdacontent
=336  \\$astill image$2rdacontent
=337  \\$aunmediated$2rdamedia
=338  \\$avolume$2rdacarrier
=504  \\$aIncludes bibliographical references (page 88).
=650  \0$aDogs in art$xHistory$yTo 1500.
=650  \0$aDogs$vFolklore$xHistory$yTo 1500.
=650  \0$aDogs$xBehavior$vAnecdotes.
=650  \0$aManuscripts, Medieval.
=852  41$aBritish Library$bHMNTS$cSPHOA
=852  41$aBritish Library$bHMNTS$jYC.2014.a.6874
=985  \\$aLDL record matched & merged
=CAT  \\$aBATCH-CMLD$b00$c20130511$lBLL01$h1718
=CAT  \\$aBATCH-LDLE$b00$c20130729$lBLL01$h2123
=CAT  \\$aBATCH-LDLL$b00$c20130729$lBLL01$h2124
=CAT  \\$aBATCH-LDL4$b00$c20130729$lBLL01$h2124
=CAT  \\$a8964$b40$c20140613$lBLL01$h1041
=CAT  \\$aWR16_021$c20160708$lBLL01$h1817
=FIN  \\$aY$d20140613
=SRC  \\$aNielsen Bookdata
=LAS  \\$aWR16_021$b00$c20160708$lBLL01$h1817

