=LDR  02543 am a2200673 i 4500
=001  016420657
=003  Uk
=005  20130603081932.0
=008  130531s2013\\\\sz\a\\\\\\\\\|0|0\0|eng\\
=FMT  \\$a  BK
=015  \\$aGBB352643$2bnb
=016  7\$a016420657$2Uk
=020  \\$a9783037782736 (set)
=020  \\$a3037782730 (set)
=020  \\$a9783907044971 (v. 1)
=020  \\$a3907044975 (v. 1)
=020  \\$a9783037780589 (v. 2)
=020  \\$a3037780584 (v. 2)
=020  \\$a9783037782729 (v. 3)
=020  \\$a3037782722 (v. 3)
=040  \\$aUk$beng$cUk$erda
=042  \\$aukblsr
=082  04$a779.092$223
=100  1\$aMerkel, Klaus,$d1940-$ephotographer.
=245  10$aTrilogy of stone and time /$cKlaus Merkel.
=264  \1$aZürich, Switzerland :$bLars Müller Publishers,$c[2013]
=300  \\$a3 volumes :$bchiefly illustrations (black and white) ;$c31 cm
=336  \\$astill image$2rdacontent
=336  \\$atext$2rdacontent
=337  \\$aunmediated$2rdamedia
=338  \\$avolume$2rdacarrier
=500  \\$aThree volumes in slip case.
=500  \\$aTitle from slip case.
=500  \\$aLimited edition, each volume signed by the artist.
=505  0\$a[1]. The reading of time in the text of nature : images and insights / with a preface by Kurt W. Forster. Originally published: 2000 -- [2]. Album of stones : the 'no longer' of the work of art and the 'not yet' of the work of nature. Originally published: 2005 -- [3]. Trees like stones.
=600  10$aMerkel, Klaus,$d1940-
=650  \0$aNature photography.
=650  \0$aArchitectural photography.
=650  \0$aPhotography of rocks.
=650  \0$aStone$vPictorial works.
=650  \0$aRocks$vPictorial works.
=650  \0$aTrees$vPictorial works.
=650  \0$aStone in art.
=650  \0$aTrees in art.
=650  \0$aBuildings in art.
=700  12$aMerkel, Klaus,$d1940-$tReading of time in the text of nature.
=700  12$aMerkel, Klaus,$d1940-$tAlbum of stones.
=700  12$aMerkel, Klaus,$d1940-$tTrees like stones.
=852  41$aBritish Library$bHMNTS$jLC.31.b.2765
=852  41$aBritish Library$bHMNTS$ivol. 2
=852  41$aBritish Library$bHMNTS$ivol. 3
=852  41$aBritish Library$bHMNTS$jLC.31.b.11857
=CAT  \\$a11250$b40$c20130531$lBLL01$h1227
=CAT  \\$a11250$b40$c20130531$lBLL01$h1421
=CAT  \\$a11250$b40$c20130531$lBLL01$h1440
=CAT  \\$a10962$b40$c20130603$lBLL01$h0819
=CAT  \\$aWR16_021$c20160708$lBLL01$h1820
=FIN  \\$aY$d20130531
=LAS  \\$aWR16_021$b00$c20160708$lBLL01$h1820

