=LDR  01745pam a2200457 i 4500
=001  017594255
=003  Uk
=005  20170201105434.0
=008  151019s2016\\\\it\a\\\\\bc\\|0|0\0|eng\d
=FMT  \\$a  BK
=015  \\$aGBB5F4973$2bnb
=016  7\$a017594255$2Uk
=020  \\$a9788857222417 (set) :$c£210.00
=040  \\$aStDuBDS$beng$cStDuBDS$dUk$erda
=041  0\$aeng$aita$hita
=042  \\$aukblsr
=082  04$a759.5$223
=100  1\$aCelant, Germano,$eauthor,$eeditor.
=245  10$aMimmo Rotella, catalogo ragionato.$nVolume primo,$p1944-1961 /$cGermano Celant ; curatore associato, Antonella Soldaini ; ricerca scientifica, Veronica Locatelli.
=264  \1$aMilan :$bSkira,$c2016.
=300  \\$a2 volumes (742 pages) :$billustrations (black and white, and colour) ;$c29 cm.
=336  \\$atext$2rdacontent
=337  \\$aunmediated$2rdamedia
=338  \\$avolume$2rdacarrier
=490  0\$aArchivi dell'arte
=500  \\$aIn slipcase.
=546  \\$aTexts in Italian and English, translated from the Italian; catalogue of works in Italian.
=504  \\$aIncludes bibliographical references.
=500  \\$aFormerly CIP.$5Uk
=600  10$aRotella, Mimmo,$d1918-2006$xCriticism and interpretation.
=600  10$aRotella, Mimmo,$d1918-2006$vCatalogues raisonnés.
=700  1\$aRotella, Mimmo,$d1918-2006,$eartist.
=700  1\$aSoldaini, Antonella,$eeditor.
=852  41$aBritish Library$bHMNTS$jLC.31.b.16241
=852  41$aBritish Library$bHMNTS$ivol. 2
=CAT  \\$aBATCH-CIPN$b00$c20151027$lBLL01$h1700
=CAT  \\$aWR16_021$c20160720$lBLL01$h1656
=CAT  \\$a11029$b40$c20170130$lBLL01$h1405
=CAT  \\$a11250$b40$c20170201$lBLL01$h1054
=FIN  \\$aY$d20170201
=LAS  \\$a11250$b40$c20170201$lBLL01$h1054

