=LDR  02022ccm a2200613 i 4500
=001  017609653
=003  Uk
=005  20230223162449.0
=008  141121t20142014gw\snl\\\\\\\\\n\\\\zxx\c
=FMT  \\$a  MU
=024  10$a841886024076
=024  2\$a9790001198141
=024  2\$aM001198141
=028  22$a56 198$bSchott
=028  32$aED 21867$bSchott
=035  \\$a(GyWOH)har145023856
=035  \\$a(OCoLC)896815290
=040  \\$aOHX$beng$cOHX$dOCLCO$dYUS$dOCLCO$dOCLCF$dIUL$dRES$dOCL$dUk$erda
=042  \\$apcc
=048  \\$aka01
=050  14$aM23.5$b.K17 op.81
=050  \4$aM23$b.K174 op. 81
=072  \7$aM$2lcco
=082  04$a786.2183$223
=100  1\$aKapustin, Nikolaĭ,$d1937-2020,$ecomposer.
=240  10$aSonatas,$mpiano,$nno. 10, op. 81
=245  10$aSonata no. 10 for piano, opus 81 =$bSonata no. 10 dli︠a︡ fortepiano /$cNikolai Kapustin.
=246  31$aSonata no. 10 dli︠a︡ fortepiano
=250  \\$aAuthorized version.
=264  \1$aMainz :$bSchott,$c[2014]
=264  \4$c©2014
=300  \\$a1 score (32 pages) ;$c31 cm
=336  \\$anotated music$bntm$2rdacontent
=337  \\$aunmediated$bn$2rdamedia
=338  \\$avolume$bnc$2rdacarrier
=382  01$apiano$n1$s1$2lcmpt
=383  \\$ano. 10$bop. 81
=546  \\$bStaff notation.
=650  \0$aSonatas (Piano)
=650  \7$aSonatas (Piano)$2fast$0(OCoLC)fst01125930
=655  \7$aScores.$2fast$0(OCoLC)fst01692898
=655  \7$aSonatas.$2fast$0(OCoLC)fst01920363
=852  41$aBritish Library$bDSC$cMUSIC
=852  41$aBritish Library$bDSC$cMUSIC$jH06/.16358
=985  \\$aUpdated by MS generated file for WR2302-017
=CAT  \\$aBATCH-HARR$b00$c20151109$lBLL01$h0856
=CAT  \\$aBATCH-UPD$b00$c20151109$lBLL01$h0856
=CAT  \\$a8870$b40$c20161122$lBLL01$h1549
=CAT  \\$aBATCH-UPD$b40$c20210207$lBLL01$h2117
=CAT  \\$aW2302-0174$c20230223$lBLL01$h2005
=FIN  \\$aY$d20161122
=SID  \\$aZ39$bOCLC
=SRC  \\$aHarrassowitz - Supplier
=LAS  \\$aW2302-0174$b00$c20230223$lBLL01$h2005

