=LDR  03362 am a2200793 i 4500
=001  017619977
=003  Uk
=005  20160519120204.0
=008  100603s2009\\\\ko\a\\\\\b\\\o0|0\0ckor\d
=FMT  \\$a  BK
=010  \\$a  2010428821
=020  \\$a9788993741025 (set)
=020  \\$a8993741026 (set)
=020  \\$a9788993741032 (v. 1)
=020  \\$a8993741034 (v. 1)
=020  \\$a9788993741049 (v. 2)
=020  \\$a8993741042 (v. 2)
=020  \\$a9788993741056 (v. 3)
=020  \\$a8993741050 (v. 3)
=035  \\$a(OCoLC)607549083$z(OCoLC)501133480
=040  \\$aCNEAL$beng$cCNEAL$dDLC$dHUH$dOCLCF$dUk$erda
=042  \\$aukblsr
=043  \\$aa-kr---
=050  00$aDS916.57$b.C446 2009
=245  00$6880-01 /$aCh'inil inmyŏng sajŏn$cCh'inil Inmyŏng Sajŏn P'yŏnch'an Wiwŏnhoe.
=250  \\$6880-02.$aCh'op'an.
=264  \1$6880-03$aSŏul-si :$bMinjok Munje Yŏn'guso,$c2009.
=300  \\$a3 volumes :$billustrations (black and white) ;$c27 cm. +$e1 supplement (192 pages : illustrations ; 26 cm.) + 1 CD.
=336  \\$atext$2rdacontent
=337  \\$aunmediated$2rdamedia
=337  \\$acomputer$2rdamedia
=338  \\$avolume$2rdacarrier
=338  \\$acomputer disc$2rdacarrier
=490  1\$6880-04$aCh'inil munje yŏn'gu ch'ongsŏ. Inmyŏng p'yŏn
=500  \\$aIn slip case.
=504  \\$aIncludes bibliographical references.
=525  \\$6880-05$aSupplement: "Kŭmdan ŭi yŏksa rŭl ssŭda, 18-yŏn'gan ŭi taejangjŏng"--Cover.
=650  \0$aCollaborationists$zKorea$vBiography$vDictionaries.
=651  \0$aKorea$xHistory$yJapanese occupation, 1910-1945$xCollaborationists$vBiography$vDictionaries.
=651  \0$aKorea$xHistory$y20th century$vBiography$vDictionaries.
=650  \7$aCollaborationists.$2fast$0(OCoLC)fst00867081
=611  27$aJapanese Occupation of Korea (1910-1945)$2fast$0(OCoLC)fst01353446
=651  \7$aKorea.$2fast$0(OCoLC)fst01206434
=648  \7$a1900 - 1999$2fast
=655  \7$aBiography$vDictionaries.$2fast$0(OCoLC)fst01423824
=655  \7$aHistory.$2fast$0(OCoLC)fst01411628
=710  2\$6880-06.$aCh'inil Inmyŏng Sajŏn P'yŏnch'an Wiwŏnhoe.
=710  2\$6880-07.$aMinjok Munje Yŏn'guso (1995- )
=830  \0$6880-08$aCh'ilnil munje yŏn'gu ch'ongsŏ.$pInmyŏng p'yŏn.
=880  00$6245-01$a친일 인명 사전 /$c친일 인명 사전 편찬 위원회.
=880  \\$6250-02$a초판.
=880  \\$6260-03$a서울시 :$b민족 문제 연구소,$c2009.
=880  1\$6490-04$a친일 문제 연구 총서. 인명 편
=880  \\$6525-05$aSupplement: "금단 의 역사 를 쓰다, 18년간 의 대장정"--Cover.
=880  2\$6710-06$a친일 인명 사전 편찬 위원회.
=880  2\$6710-07$a민족 문제 연구소 (1995- )
=880  \0$6830-08$a친일 문제 연구 총서.$p인명 편.
=852  41$aBritish Library$bOC$jEMP.2016.b.12
=852  41$aBritish Library$bOC$iEMP.2016.b.12
=852  41$aBritish Library$bOC$jEMP.2016.b.12
=852  41$aBritish Library$bOC$jEMP.2016.b.12
=CAT  \\$a13812$b40$c20151118$lBLL01$h1044
=CAT  \\$aWR14_128$c20160226$lBLL01$h1634
=CAT  \\$a11250$b40$c20160519$lBLL01$h1138
=CAT  \\$a11250$b40$c20160519$lBLL01$h1158
=CAT  \\$a11250$b40$c20160519$lBLL01$h1202
=FIN  \\$aY$d20160519
=SID  \\$aZ39$bOCLC
=LAS  \\$a11250$b40$c20160519$lBLL01$h1202

