=LDR  02087pam a2200553 i 4500
=001  017634254
=003  Uk
=005  20160218140838.0
=008  151119s2016\\\\ne\a\\\\\b\\\|0|1|0|eng|d
=FMT  \\$a  BK
=015  \\$aGBB5H0732$2bnb
=016  7\$a017634254$2Uk
=020  \\$a9780444636911 (set) :$c£185.00
=020  \\$a9780444627216 (v. 1A : hardback) :$c£94.99
=020  \\$z9780444627247 (v. 1A : PDF ebook) :$c£94.99
=020  \\$a9780444636850 (v. 1B : hardback) :$c£95.00
=040  \\$aStDuBDS$beng$cStDuBDS$dUk$erda
=042  \\$aukblsr
=082  04$a338.4730223$223
=245  00$aHandbook of media economics /$cedited by Simon P. Anderson, Joel Waldfogel, David Strömberg.
=264  \1$aAmsterdam :$bElsevier/North-Holland,$c[2016]
=300  \\$a2 volumes (xxi, 773 pages) :$billustrations (black and white) ;$c25 cm
=336  \\$atext$2rdacontent
=337  \\$aunmediated$2rdamedia
=338  \\$avolume$2rdacarrier
=504  \\$aIncludes bibliographical references and index.
=530  \\$aAlso published electronically.
=500  \\$aFormerly CIP.$5Uk
=650  \0$aMass media$xEconomic aspects.
=650  \0$aMass media$xPolitical aspects.
=690  7\$aManagement and Business Studies$2blcoll
=700  1\$aAnderson, Simon P.,$eeditor.
=700  1\$aWaldfogel, Joel,$d1962-$eeditor.
=700  1\$aStrömberg, David,$eeditor.
=852  41$aBritish Library$bHMNTS$jYK.2016.a.582
=852  41$aBritish Library$bHMNTS$jYK.2016.a.583
=852  41$aBritish Library$bDSC$ivol. 1A
=852  41$aBritish Library$bDSC$ivol. 1B
=CAT  \\$aBATCH-CIPN$b00$c20151201$lBLL01$h1700
=CAT  \\$aBATCH-UPD$b00$c20151201$lBLL01$h1701
=CAT  \\$a11250$b40$c20160212$lBLL01$h1021
=CAT  \\$a11250$b40$c20160212$lBLL01$h1028
=CAT  \\$a11250$b40$c20160218$lBLL01$h1407
=CAT  \\$a11250$b40$c20160218$lBLL01$h1408
=CAT  \\$aBATCH-MBS$c20160226$lBLL01$h2056
=CAT  \\$aBATCH-UPD$b00$c20160311$lBLL01$h2110
=CAT  \\$aWR16_021$c20160720$lBLL01$h1700
=FIN  \\$aY$d20160212
=LAS  \\$aWR16_021$b00$c20160720$lBLL01$h1700

