=LDR  02435ccm a2200613 i 4500
=001  017671372
=003  Uk
=005  20230223162519.0
=008  150605t20152015gw\coc\\\hi\\\\n\\b\zxx\d
=FMT  \\$a  MU
=024  2\$a9790014117771
=024  2\$aM014117771
=028  32$aEP 11407$bC.F. Peters Ltd & Co. KG
=028  22$a33581$bC.F. Peters Ltd & Co. KG
=035  \\$a(OCoLC)910838753
=040  \\$aOHX$beng$cOHX$dOCLCO$dNUI$dOCLCO$dEMU$dMYG$dUMC$dCOO$dOCLCO$dOCLCF$dOCL$dUk$erda
=041  0\$geng$gger
=042  \\$aukblsr
=072  \7$aM$2lcco
=082  04$a785.62192186$223
=100  1\$aBrahms, Johannes,$d1833-1897,$ecomposer.
=240  10$aConcertos,$mpiano, orchestra,$nno. 2, op. 83,$rB♭ major;$oarranged
=245  10$aKonzert Nr. 2, B-Dur, Opus 83, für Klavier und Orchester =$bConcerto no. 2, B♭ major, opus 83, for piano and orchestra /$cJohannes Brahms ; herausgegeben von = edited by Paul Badura-Skoda ; Ausgabe für 2 Klaviere = edition for 2 pianos.
=264  \1$aLeipzig :$bC.F. Peters Ltd & Co. KG,$c[2015]
=264  \4$c©2015
=300  \\$a1 score (v, 104 pages) ;$c31 cm
=306  \\$a005000
=336  \\$anotated music$bntm$2rdacontent
=337  \\$aunmediated$bn$2rdamedia
=338  \\$avolume$bnc$2rdacarrier
=382  01$apiano$b1$apiano$n1$s2$2lcmpt
=546  \\$bStaff notation.
=500  \\$a"Urtext"--Cover.
=500  \\$aRevised edition taking account of new sources.
=500  \\$aDuration: approximately 50 min.
=500  \\$aPreface and critical report in German and English.
=650  \0$aConcertos (Piano)$v2-piano scores.
=650  \7$aConcertos (Piano)$x2-piano scores.$2fast$0(OCoLC)fst00873658
=655  \7$aArrangements (Music)$2fast$0(OCoLC)fst01920435
=655  \7$aConcertos.$2fast$0(OCoLC)fst01726450
=655  \7$aScores.$2fast$0(OCoLC)fst01692898
=700  1\$aBadura-Skoda, Paul,$eeditor.
=852  \\$aBritish Library$bDSC$cMUSIC
=852  41$aBritish Library$bDSC$cMUSIC$jH06/.16423
=985  \\$aUpdated by MS generated file for WR2302-017
=CAT  \\$a8870$b40$c20151217$lBLL01$h1338
=CAT  \\$aBATCH-HARR$b00$c20160627$lBLL01$h1455
=CAT  \\$aBATCH-UPD$b00$c20160627$lBLL01$h1456
=CAT  \\$a8870$b40$c20161215$lBLL01$h1323
=CAT  \\$a8870$b40$c20161215$lBLL01$h1324
=CAT  \\$aW2302-0174$c20230223$lBLL01$h2005
=FIN  \\$aY$d20161215
=SID  \\$aZ39$bOCLC
=LAS  \\$aW2302-0174$b00$c20230223$lBLL01$h2005

