=LDR  02719ccm a2200733 i 4500
=001  017691452
=003  Uk
=005  20230223162529.0
=008  150511t20152015enkopa\\\hi\\\\n\\\\eng\d
=FMT  \\$a  MU
=016  \\$a017691452
=020  \\$a0571529577
=020  \\$a9780571529575
=035  \\$a(OCoLC)911139942
=040  \\$aTDF$beng$cTDF$dKLM$dNUI$dOCLCF$dINU$dZCU$dOCLCO$dCUS$dUk$erda
=041  0\$aeng$geng
=042  \\$aukblsr
=046  \\$am$k1983$l1999$2edtf
=050  \4$aM1500$b.K
=082  04$a782.1$223
=100  1\$aKnussen, Oliver,$ecomposer.
=240  10$aHigglety pigglety pop!
=245  10$aHigglety pigglety pop!, or, There must be more to life :$ba fantasy opera in one act (nine scenes) : op. 21 (1983-5, revised 1999) /$cmusic by Oliver Knussen ; libretto by Maurice Sendak.
=246  30$aThere must be more to life
=250  \\$aFull score.
=264  \1$aLondon :$bFaber Music,$c2015.
=264  \4$c©2015
=300  \\$a1 score (299 pages) :$billustration, facsimile ;$c35 cm
=306  \\$a010000
=336  \\$anotated music$bntm$2rdacontent
=337  \\$aunmediated$bn$2rdamedia
=338  \\$avolume$bnc$2rdacarrier
=380  \\$aOperas$2lcgft
=382  01$bsoprano voice$n2$bmezzo-soprano voice$n1$btenor voice$n1$bbaritone voice$n2$aorchestra$2lcmpt
=383  \\$bop. 383
=500  \\$aOpera for 6 soloists and orchestra.
=546  \\$aEnglish words.
=546  \\$bStaff notation.
=500  \\$aDuration: approximately 60 min.
=500  \\$aIncludes notes in English by the composer and the librettist.
=650  \0$aOperas$vScores.
=650  \0$aFantasy drama.
=655  \7$aFantasy drama.$2fast$0(OCoLC)fst01921656
=655  \7$aOperas.$2fast$0(OCoLC)fst01726688
=655  \7$aScores.$2fast$0(OCoLC)fst01692898
=700  1\$aSendak, Maurice,$elibrettist.
=700  1\$iLibretto based on (work):$aSendak, Maurice.$tHigglety pigglety pop!.
=852  41$aBritish Library$bDSC$cMUSIC$jH06/.16378
=852  41$aBritish Library$bDSC$cMUSIC
=852  41$aBritish Library$bMUSIC$jI.660.d.
=985  \\$aUpdated by MS generated file for WR2302-017
=CAT  \\$a8870$b40$c20160104$lBLL01$h1629
=CAT  \\$a11814$b40$c20160505$lBLL01$h1802
=CAT  \\$a11814$b40$c20160505$lBLL01$h1803
=CAT  \\$a11814$b40$c20160506$lBLL01$h1029
=CAT  \\$aBATCH-HARR$b00$c20160627$lBLL01$h1455
=CAT  \\$aBATCH-UPD$b00$c20160627$lBLL01$h1456
=CAT  \\$aWR16_021$c20160720$lBLL01$h1704
=CAT  \\$aBATCH-016$c20160905$lBLL01$h1727
=CAT  \\$aBATCH-UPD$b00$c20161205$lBLL01$h1228
=CAT  \\$aW2302-0174$c20230223$lBLL01$h2006
=FIN  \\$aY$d20160505
=SID  \\$aZ39$bOCLC
=LAS  \\$aW2302-0174$b00$c20230223$lBLL01$h2006

