=LDR  03221aam a2200577 i 4500
=001  017726159
=003  Uk
=005  20170518212240.0
=008  170511t20162016enka\\\\\b\\\\001\0\eng\d
=FMT  \\$a  BK
=010  \\$a2017304583  
=015  \\$aGBB616497$2bnb
=016  7\$a017726159$2Uk
=020  \\$a9781473859005 (pbk.) :$c£12.99
=035  \\$a(OCoLC)ocn947149864
=040  \\$aStDuBDS$beng$cStDuBDS$dUk$erda
=042  \\$aukblsr
=043  \\$ae-uk---
=050  00$aD16$b.B25 2016
=082  04$a907.2041$223
=100  1\$aBates, Denise,$eauthor.
=245  10$aHistorical Research Using British Newspapers /$cDenise Bates.
=264  \1$aBarnsley, South Yorkshire :$bPen & Sword History,$c2016.
=264  \4$c©2016.
=300  \\$aviii, 181 pages :$billustrations ;$c24 cm.
=336  \\$atext$btxt$2rdacontent
=337  \\$aunmediated$bn$2rdamedia
=338  \\$avolume$bnc$2rdacarrier
=500  \\$aFormerly CIP.$5Uk
=504  \\$aIncludes bibliographical references and index.
=520  \\$a"Thanks to digitisation, newspapers from the seventeenth to the twenty-first century have become an indispensable and accessible source for researchers. Through their pages, historians with a passion for a person or a place or a time or a topic can rediscover forgotten details and gain new insights into the society and values of bygone ages. Historical Research Using British Newspapers provides plenty of practical advice for anyone intending to use old newspapers by: * outlining the strengths of newspapers as source material * revealing the drawbacks of newspapers as sources and giving ways to guard against them * tracing the development of the British newspaper industry * showing the type of information that can be found in newspapers and how it can be used * identifying the best newspapers to start with when researching a particular topic * suggesting methods to locate the most relevant articles available * demonstrating techniques for collating, analysing and interpreting information * showing how to place newspaper reports in their wider context In addition nine case studies are included, showing how researchers have already made productive use of newspapers to gain insights that were not available from elsewhere" -- Amazon.com
=650  \0$aHistory$xResearch$zGreat Britain.
=650  \0$aBritish newspapers.
=650  \7$aHISTORY / Reference.$2bisacsh
=650  \7$aREFERENCE.$2bisacsh
=650  \7$aBritish newspapers.$2fast$0(OCoLC)fst00839085
=650  \7$aHistory$xResearch.$2fast$0(OCoLC)fst00958282
=651  \0$aGreat Britain$xHistory$xSources.
=651  \7$aGreat Britain.$2fast$0(OCoLC)fst01204623
=655  \7$aHistory.$2fast$0(OCoLC)fst01411628
=655  \7$aSources.$2fast$0(OCoLC)fst01423900
=852  11$aBritish Library$bHMNTS$kNRR$h907.204
=852  41$aBritish Library$bHMNTS$jYKL.2016.a.7831
=BUF  \\$aN$d20160519
=CAT  \\$aBATCH-CIPN$b00$c20160202$lBLL01$h1701
=CAT  \\$a11002$b40$c20160519$lBLL01$h0951
=CAT  \\$aWR16_021$c20160720$lBLL01$h1709
=CAT  \\$aBATCH-BUOC$b00$c20170518$lBLL01$h2122
=CAT  \\$aBATCH-016$c20170524$lBLL01$h2201
=FIN  \\$aY$d20160519
=LAS  \\$aBATCH-016$b00$c20170524$lBLL01$h2201

