=LDR  01655pam a2200481 i 4500
=001  017738039
=003  Uk
=005  20160426145204.0
=008  160219s2016\\\\enka\\\\\b\\\\001\0\eng\c
=FMT  \\$a  BK
=015  \\$aGBB621106$2bnb
=016  7\$a017738039$2Uk
=020  \\$a9781783301096$qhardback
=020  \\$a9781783300174$qpaperback
=035  \\$a(UkOxU)020521069
=040  \\$aStDuBDS$beng$cStDuBDS$dUkOxU$dUk$erda
=042  \\$aukscp
=082  04$a025.5677$223
=100  1\$aBent, Moira,$eauthor.
=245  10$aPractical tips for facilitating research /$cMoira J. Bent.
=264  \1$aLondon :$bFacet Publishing,$c2016.
=264  \4$c©2016
=300  \\$axii, 263 pages :$billustrations ;$c23 cm.
=336  \\$atext$2rdacontent
=337  \\$aunmediated$2rdamedia
=338  \\$avolume$2rdacarrier
=490  1\$aPractical tips for library and information professionals
=504  \\$aIncludes bibliographical references (pages 245-257) and index.
=650  \0$aLibraries and scholars.
=650  \0$aScholars$xServices for$xManagement.
=650  \0$aResearch libraries$xManagement.
=650  \0$aLibrary orientation.
=830  \0$aPractical tips for library and information professionals.
=852  11$aBritish Library$bHMNTS$kHUR$h025.5677
=852  41$aBritish Library$bHMNTS$jYC.2016.a.4847
=CAT  \\$aBATCH-CIPN$b00$c20160209$lBLL01$h1701
=CAT  \\$a11312$b40$c20160412$lBLL01$h1324
=CAT  \\$a5004$b40$c20160426$lBLL01$h1446
=CAT  \\$a5004$b40$c20160426$lBLL01$h1452
=CAT  \\$aWR16_021$c20160720$lBLL01$h1710
=FIN  \\$aY$d20160426
=SRC  \\$aLDL
=LAS  \\$aWR16_021$b00$c20160720$lBLL01$h1710

