=LDR  03136cas a2200745 i 4500
=001  017763078
=003  Uk
=005  20230209233750.0
=007  ta
=008  160308d20162019enkmx\p\\\\\\\0\\\a0eng\\
=FMT  \\$a  SE
=015  \\$aGBB631957$2bnb
=022  0\$a2397-8953$y0964-1513$202
=040  \\$aUk$beng$cUk$dUk$erda
=042  \\$aukblsr$aissnuk
=082  04$a387.544$223
=222  \0$aFreight & logistics
=245  00$aFreight & logistics :$bpromoting safe, efficient and sustainable supply chains /$cFTA.
=246  3\$aFreight and logistics
=264  \1$aTunbridge Wells, Kent :$bFreight Transport Association,$c2016-[2019]
=300  \\$billustrations (colour), maps (colour) ;$c30 cm
=310  \\$aTen times a year
=336  \\$atext$2rdacontent
=337  \\$aunmediated$2rdamedia
=338  \\$avolume$2rdacarrier
=362  0\$aVol 49, no 1 (February 2016)-
=362  1\$aCeased with volume 52, number 6 (2019).
=588  \\$aLatest issue consulted: volume 49, number 2 (March 2016).
=540  \\$aCurrent Copyright Fee: GBP25.00$c0$5Uk
=650  \0$aFreight and freightage$vPeriodicals.
=650  \0$aBusiness logistics$vPeriodicals.
=710  2\$aFreight Transport Association,$eissuing body.
=780  00$tFreight (Tunbridge Wells. 1990)$x0964-1513
=785  00$tLogistics magazine$x2632-7813
=852  41$aBritish Library$bDSC$j4033.470200$3Vol. 49, no. 1 (2016)-
=852  71$aBritish Library$bSTI$k(P)$m-E(6)$iUT 50$2blsrissc$3Vol. 49, no. 1 (2016)-v. 52, no. 6 (2019)
=945  \\$aFreight and logistics
=959  \\$fCurrently received
=CAT  \\$a11205$b40$c20160308$lBLL01$h1023
=CAT  \\$a8335$b40$c20160309$lBLL01$h1158
=CAT  \\$aBATCH-CLA$b00$c20161130$lBLL01$h1649
=CAT  \\$aIPL-CLA$c20161231$lBLL01$h0025
=CAT  \\$aBATCH-CLA$b00$c20171130$lBLL01$h1652
=CAT  \\$aIPL-CLA$c20171231$lBLL01$h1831
=CAT  \\$a11205$b40$c20190912$lBLL01$h1628
=CAT  \\$a8335$b40$c20190913$lBLL01$h1150
=CAT  \\$aBATCH-CLA$b00$c20191129$lBLL01$h1622
=CAT  \\$aIPL-CLA$c20191231$lBLL01$h2042
=CAT  \\$aBATCH-CLA$b00$c20201126$lBLL01$h1413
=CAT  \\$aIPL-CLA$c20201231$lBLL01$h1533
=CAT  \\$aBATCH-CLA$b00$c20221130$lBLL01$h1426
=CAT  \\$aIPL-CLA$c20221231$lBLL01$h1454
=CAT  \\$aBATCH-CLA$b00$c20230209$lBLL01$h1514
=CAT  \\$aIPL-CLA$c20230209$lBLL01$h2337
=CFI  0\$aCurrent Copyright Fee: GBP25.00$c0$e09-feb-2023$fGBP25.00$g0$hC$5Uk
=CFI  2\$aBritish Library not licensed to copy$c0$e01-jan-2023$hC$iCFP Excluded$5Uk
=FIN  \\$aY$d20160308
=LKR  \\$aPAR$b008536807$lBLL01$nFreight$mFreight & logistics$r78000
=TOC  \\$aETOC
=ACF  \\$aPrevious Copyright Fee: GBP12.30$c0$e01-jan-2014$fGBP12.30$g0$hC$5Uk
=ACF  \\$aPrevious Copyright Fee: GBP15.00$c0$e01-jan-2017$fGBP15.00$g0$hC$5Uk
=ACF  \\$aPrevious Copyright Fee: GBP17.50$c0$e01-jan-2018$fGBP17.50$g0$hC$5Uk
=ACF  \\$aPrevious Copyright Fee: GBP20.00$c0$e01-jan-2020$fGBP20.00$g0$hC$5Uk
=ACF  \\$aPrevious Copyright Fee: GBP22.50$c0$e01-jan-2021$fGBP22.50$g0$hC$5Uk
=LAS  \\$aIPL-CLA$b00$c20230209$lBLL01$h2337

