=LDR  01339pam a2200385 i 4500
=001  017796380
=003  Uk
=005  20161025092435.0
=008  160128s2016\\\\enkab\\\\b\\\\001|0|eng|d
=FMT  \\$a  BK
=015  \\$aGBB647810$2bnb
=016  7\$a017796380$2Uk
=020  \\$a9781851242504 (hbk.) :$cNo price
=040  \\$aStDuBDS$beng$cStDuBDS$dUk$erda
=042  \\$aukblcatcopy
=082  04$a912.07442574$223
=245  00$aTreasures from the map room :$ba journey through the Bodleian collections /$cgeneral editor, Debbie Hall.
=264  \1$aOxford :$bBodleian Library,$c2016.
=300  \\$a223 pages :$billustrations, maps ;$c28 cm
=336  \\$atext$2rdacontent
=337  \\$aunmediated$2rdamedia
=338  \\$avolume$2rdacarrier
=500  \\$aFormerly CIP.$5Uk
=504  \\$aIncludes bibliographical references and index.
=610  20$aBodleian Library.$bMap Room$vCatalogs.
=650  \0$aMaps$vCatalogs.
=700  1\$aHall, Debbie,$d1972-$eeditor.
=852  41$aBritish Library$bHMNTS$jLC.31.a.18001
=852  11$aBritish Library$bHMNTS$kMaps Ref.D.2 (126)
=CAT  \\$aBATCH-CIPN$b00$c20160405$lBLL01$h1702
=CAT  \\$aWR16_021$c20160720$lBLL01$h1717
=CAT  \\$a7416$b40$c20161013$lBLL01$h0948
=CAT  \\$a11131$b40$c20161025$lBLL01$h0924
=FIN  \\$aY$d20161025
=LAS  \\$a11131$b40$c20161025$lBLL01$h0924

