=LDR  04161 am a2200733 i 4500
=001  017807271
=003  Uk
=005  20180625094122.0
=008  160602t20172017enkaf\\\\b\\\\001\0\eng\\
=FMT  \\$a  BK
=010  \\$a  2016025282
=015  \\$aGBB8B4240$2bnb
=016  7\$a017807271$2Uk
=020  \\$a9781847886569$q(hardcover)
=020  \\$a1847886566$q(hardcover)
=020  \\$a9781847886552$q(paperback)
=020  \\$a1847886558$q(paperback)
=020  \\$z9781474279727$q(electronic book)
=020  \\$z9781474285179$q(electronic publication)
=035  \\$a(OCoLC)934676847
=040  \\$aDLC$beng$cDLC$dYDXCP$dBDX$dOCLCO$dOCLCF$dOCLCQ$dERASA$dNYP$dYDX$dOCLCO$dQGQ$dCHVBK$dOCLCO$dNRC$dU3G$dUKWOH$dSAV$dMOV$dKSU$dUk$erda
=042  \\$aukblcatcopy
=050  00$aTT503.5$b.B47 2017
=082  00$a808.06674692$223
=084  \\$aDES005000$aLAN008000$2bisacsh
=084  \\$a21.85$2bcl
=100  1\$aBest, Kate,$eauthor.
=245  14$aThe history of fashion journalism /$cKate Nelson Best.
=264  \1$aLondon ;$aNew York, NY :$bBloomsbury Academic, an imprint of Bloomsbury Publishing Plc,$c2017.
=264  \4$c©2017
=300  \\$axii, 287 pages, 16 unnumbered pages of plates :$billustrations (black and white, and colour) ;$c24 cm
=336  \\$atext$btxt$2rdacontent
=337  \\$aunmediated$bn$2rdamedia
=338  \\$avolume$bnc$2rdacarrier
=520  \\$a"The History of Fashion Journalism is a uniquely comprehensive study of the development of the industry from its origins to the present day, and including professionals like Dylan Jones. Covering everything from early tailors' catalogues through to contemporary publications such as LOVE, together with blogs such as StyleBubble, and countries from France through to the United States, The History of Fashion Journalism explores the origins and influence of such well-known magazines as Nova, Vogue and Glamour. Combining an overview of the key moments in fashion journalism history with close textual analysis, Kate Nelson Best brings to life the evolving face of the fashion media and its relationship with the fashion industry, national politics, consumer culture and gender. This accessible and highly engaging book will be an invaluable resource not only for fashion studies students but also for those in media studies and cultural studies"--$cProvided by publisher.
=504  \\$aIncludes bibliographical references (pages 253-274) and index.
=505  0\$aA symbiotic relationship ; the origins of the modern fashion press -- La Parisienne : early fashionable icons -- Patriotism and couture : fashion journalism between the wars -- Democratization : post-war segmentation in fashion magazines -- The golden age : fashion journalism and Haute Couture in the 1950s -- The rise of individualism : the 1960s and 1970s -- Commercialism versus creativity : the 1980s and 1990s -- A global discourse : the new millennium -- Facing the future : the evolving fashion media.
=650  \0$aFashion writing$xHistory.
=650  \7$aDESIGN$xFashion.$2bisacsh
=650  \7$aLANGUAGE ARTS & DISCIPLINES$xJournalism.$2bisacsh
=650  \7$aFashion writing.$2fast$0(OCoLC)fst00921659
=650  \7$aJournalismus.$2gnd
=650  \7$aMode.$2gnd
=650  \7$aModezeitschrift.$2gnd
=650  \4$aDESIGN,$xFashion.
=650  \4$aLANGUAGE ARTS & DISCIPLINES,$xJournalism.
=650  \4$aFashion writing.
=650  \7$aLiterature.$2eflch
=650  \7$aLiterature.$2ukslc
=655  \7$aHistory.$2fast$0(OCoLC)fst01411628
=852  11$aBritish Library$bHMNTS$kNRR$h070.449
=852  41$aBritish Library$bHMNTS$jYC.2018.a.8951
=CAT  \\$aBATCH-CMLD$b00$c20160416$lBLL01$h1735
=CAT  \\$aBATCH-UPD$b00$c20160416$lBLL01$h1736
=CAT  \\$aWR16_021$c20160720$lBLL01$h1718
=CAT  \\$a11373$b40$c20170210$lBLL01$h1214
=CAT  \\$aBATCH-016$c20170430$lBLL01$h1644
=CAT  \\$aW1706-0374$c20170608$lBLL01$h1745
=CAT  \\$a11131$b40$c20180320$lBLL01$h1052
=CAT  \\$aBATCH-016$c20180321$lBLL01$h2157
=CAT  \\$a8317$b40$c20180625$lBLL01$h0941
=FIN  \\$aY$d20180320
=SID  \\$aZ39$bOCLC
=LAS  \\$a8317$b40$c20180625$lBLL01$h0941

