=LDR  01915aam a2200541 i 4500
=001  017811471
=003  Uk
=005  20180606143603.0
=008  161013s2016\\\\enka\\\\\b\\\\001\0\eng\c
=FMT  \\$a  BK
=015  \\$aGBB6E2446$2bnb
=016  7\$a017811471$2Uk
=020  \\$a9781783300969
=020  \\$a1783300965
=035  \\$a(UkOxU)020674825
=035  \\$a(StEdALDL)1/3493478
=040  \\$aEUW$beng$cEUW$dEUW$dUk$dUkOxU$erda
=042  \\$aukscp
=082  04$a025.04$223
=245  00$aExploring discovery :$bthe front door to your library's licensed and digitized content /$cedited by Kenneth J. Varnum.
=264  \1$aLondon :$bFacet Publishing,$c2016.
=264  \4$c©2016
=300  \\$axii, 292 pages :$billustrations ;$c23 cm
=336  \\$atext$2rdacontent
=337  \\$aunmediated$2rdamedia
=338  \\$avolume$2rdacarrier
=504  \\$aIncludes bibliographical references and index.
=650  \0$aInformation storage and retrieval systems.
=650  \0$aDigital libraries.
=650  \0$aCopyright$xInformation storage and retrieval systems.
=700  1\$aVarnum, Kenneth J.,$d1967-$eeditor.
=852  41$aBritish Library$bHMNTS$jYC.2018.a.7991
=852  11$aBritish Library$bHMNTS$cSPHOA$kHUR025.04
=985  \\$aLDL record matched & merged
=CAT  \\$a9518$b40$c20160422$lBLL01$h0959
=CAT  \\$aBATCH-ROF$b00$c20160423$lBLL01$h1748
=CAT  \\$aBATCH-CIPC$b00$c20160628$lBLL01$h1700
=CAT  \\$a11131$b40$c20160805$lBLL01$h1038
=CAT  \\$aBATCH-LDLE$b00$c20161017$lBLL01$h2117
=CAT  \\$c20161017$lBLL01$h2117
=CAT  \\$aBATCH-LDLL$b00$c20161017$lBLL01$h2118
=CAT  \\$aBATCH-LDL4$b00$c20161017$lBLL01$h2118
=CAT  \\$aBATCH-UPD$b00$c20161017$lBLL01$h2119
=CAT  \\$aBATCH-016$c20161123$lBLL01$h2201
=CAT  \\$a5883$b40$c20180606$lBLL01$h1436
=FIN  \\$aY$d20160805
=SID  \\$aZ39$bOCLC
=LAS  \\$a5883$b40$c20180606$lBLL01$h1436

