=LDR  01616pam a2200445 i 4500
=001  017816494
=003  Uk
=005  20160810085325.0
=008  160414s2016\\\\enka\\\\\b\\\\001|0|eng|d
=FMT  \\$a  BK
=015  \\$aGBB657829$2bnb
=016  7\$a017816494$2Uk
=020  \\$a9781783301447 (pbk.) :$c£49.95
=040  \\$aStDuBDS$beng$cStDuBDS$dUk$erda
=042  \\$aukblcatcopy
=082  04$a028.70711$223
=100  1\$aBrown, Nicole E.,$eauthor.
=245  10$aVisual literacy for libraries :$ba practical, standards-based guide /$cNicole E Brown, Kaila Bussert, Denise Hattwig, Ann Medaille.
=264  \1$aLondon :$bFacet Publishing,$c2016.
=300  \\$axviii, 187 pages :$billustrations ;$c28 cm
=336  \\$atext$2rdacontent
=337  \\$aunmediated$2rdamedia
=338  \\$avolume$2rdacarrier
=500  \\$aFormerly CIP.$5Uk
=504  \\$aIncludes bibliographical references and index.
=650  \0$aVisual literacy$xStudy and teaching (Higher)
=650  \0$aAcademic libraries$xRelations with faculty and curriculum.
=650  \0$aVisual communication.
=700  1\$aBussert, Kaila,$eauthor.
=700  1\$aHattwig, Denise,$eauthor.
=700  1\$aMedaille, Ann,$eauthor.
=852  41$aBritish Library$bHMNTS$jYC.2017.b.1832
=852  11$aBritish Library$bHMNTS$kSPHOA$hHUR028.7
=CAT  \\$aBATCH-CIPN$b00$c20160426$lBLL01$h1701
=CAT  \\$a6829$b40$c20160613$lBLL01$h1402
=CAT  \\$aWR16_021$c20160720$lBLL01$h1719
=CAT  \\$a10904$b40$c20160810$lBLL01$h0852
=CAT  \\$a10904$b40$c20160810$lBLL01$h0853
=FIN  \\$aY$d20160810
=LAS  \\$a10904$b40$c20160810$lBLL01$h0853

