=LDR  01503aam a2200445 i 4500
=001  017878703
=003  Uk
=005  20170817212140.0
=008  160119s2016\\\\mdu\\\\\\bd\\\000\0\eng\\
=FMT  \\$a  BK
=010  \\$a2016002133  
=015  \\$aGBB681013$2bnb
=016  7\$a017878703$2Uk
=020  \\$a9781442263086 (hardcover) :$c£85.00
=020  \\$z9781442263093 (ePub ebook) :$cNo price
=040  \\$aStDuBDS$beng$cStDuBDS$dUk$erda
=042  \\$aukblsr
=050  00$aNA200$b.P35 2016
=082  00$a720.3$223
=100  1\$aPalmer, Allison Lee,$d1963-$eauthor.
=245  10$aHistorical dictionary of architecture /$cAllison Lee Palmer.
=250  \\$aSecond Edition.
=264  \1$aLanham :$bRowman & Littlefield,$c[2016].
=300  \\$axliv, 396 pages ;$c24 cm.
=336  \\$atext$2rdacontent
=337  \\$aunmediated$2rdamedia
=338  \\$avolume$2rdacarrier
=490  0\$aHistorical dictionaries of literature and the arts
=500  \\$aFormerly CIP.$5Uk
=504  \\$aIncludes bibliographical references (pages 357-393).
=650  \0$aArchitecture$xHistory$vDictionaries.
=852  11$aBritish Library$bHMNTS$kHLR$h720.3
=852  41$aBritish Library$bHMNTS$jYC.2016.a.11385
=BUF  \\$aN$d20161115
=CAT  \\$aBATCH-CIPN$b00$c20160614$lBLL01$h1700
=CAT  \\$a6923$b40$c20161115$lBLL01$h1330
=CAT  \\$aBATCH-BUOC$b00$c20170817$lBLL01$h2121
=CAT  \\$aBATCH-016$c20170823$lBLL01$h2158
=FIN  \\$aY$d20161115
=LAS  \\$aBATCH-016$b00$c20170823$lBLL01$h2158

