=LDR  01593pam a2200457 i 4500
=001  017896417
=003  Uk
=005  20180207145059.0
=008  160616s2016\\\\enkab\\\\\\\\\000|0|eng|d
=FMT  \\$a  BK
=015  \\$aGBB686109$2bnb
=016  7\$a017896417$2Uk
=020  \\$a9780857042873 (hbk.) :$c£24.99
=040  \\$aStDuBDS$beng$cStDuBDS$dUk$erda
=042  \\$aukblcatcopy
=082  04$a526.094238$223
=100  1\$aDown, Emma,$eauthor.
=245  10$aSomerset mapped :$bcartography in the county through the centuries /$cEmma Down and Adrian Webb.
=264  \1$aWellington :$bHalsgrove,$c2016.
=300  \\$axxv, 230 pages :$billustrations (colour), maps (colour) ;$c26 cm
=336  \\$atext$2rdacontent
=336  \\$astill image$2rdacontent
=336  \\$acartographic image$2rdacontent
=337  \\$aunmediated$2rdamedia
=338  \\$avolume$2rdacarrier
=500  \\$aFormerly CIP.$5Uk
=650  \0$aCartography$zEngland$zSomerset$xHistory.
=651  \0$aSomerset (England)$vMaps.
=700  1\$aWebb, Adrian J.
=852  41$aBritish Library$bHMNTS$jLC.31.a.21112
=852  11$aBritish Library$bMAPS$kMaps Ref G.4$h(Somerset)
=916  \\$a100=NEW
=CAT  \\$aBATCH-CIPN$b00$c20160628$lBLL01$h1700
=CAT  \\$aBATCH-CIPC$b00$c20160802$lBLL01$h1702
=CAT  \\$aWR16_021$c20160803$lBLL01$h1656
=CAT  \\$aBATCH-CIPC$b00$c20160816$lBLL01$h1701
=CAT  \\$aBATCH-016$c20160817$lBLL01$h2146
=CAT  \\$a11168$b40$c20170706$lBLL01$h1113
=CAT  \\$a11002$b40$c20180207$lBLL01$h1450
=FIN  \\$aY$d20180207
=LAS  \\$a11002$b40$c20180207$lBLL01$h1450

