=LDR  02949 am a2200685 i 4500
=001  017942874
=003  Uk
=005  20170403132305.0
=008  160614m20072014enk\\\\\\b\\\|0|1\0|ara\d
=FMT  \\$a  BK
=016  7\$a017942874$2Uk
=020  \\$a9781905650064 (v. 1-3) :$c£170.00
=020  \\$a190565006X (v. 1-3) :$c£170.00
=020  \\$z1905650040 (v. 4)
=020  \\$z1905650101 (v. 5)
=020  \\$z1905650200 (v. 6)
=020  \\$z978190565231 (v. 7)
=020  \\$z9781905650264 (v. 8)
=020  \\$a9781905650286 (v. 9)
=020  \\$a9781905650354 (v. 10)
=040  \\$aUK-WkNB$beng$cUK-WkNB$dUk$erda
=041  0\$aara$aeng
=042  \\$aukblsr
=082  04$a016.34059$223
=100  1\$aImām, Muḥammad Kamāl al-Dīn,$eauthor.
=245  13$aal-Dalīl al-irshādī ilá maqāṣid al-sharīʿah al-Islāmīyah :$bkutub, rasāʾil, abḥāth /$cṣanaʿahu wa-qaddama la-hu Muḥammad Kamāl al-Dīn Imām = Bibliography for Maqāṣid al-Sharīʿah : monographs - theses - articles / compiled and introduced by Prof. Mohammad Kamal Imam.
=246  15$aBibliography for Maqāṣid al-Sharīʿah :$bmonographs, theses, articles
=264  \1$aLondon :$bMuʾassasat al-Furqān lil-Turāth al-Islāmī, Markaz Dirāsāt Maqāṣid al-Sharīʿah al-Islāmīyah,$c2007-2014.
=300  \\$a10 volumes ;$c30 cm
=336  \\$atext$2rdacontent
=337  \\$aunmediated$2rdamedia
=338  \\$avolume$2rdacarrier
=500  \\$aVolume 1 lacks volume numbering.
=504  \\$aIncludes bibliographical references and indexes.
=546  \\$aArabic; added title pages and prefaces in English.
=650  \0$aIslamic law$xInterpretation and construction$vBibliography.
=650  \0$aIslamic law$vSources$vBibliography.
=650  \0$aIslamic law$xMethodology$vBibliography.
=710  2\$aAl-Furqan Islamic Heritage Foundation (London, England),$epublisher.
=852  41$aBritish Library$bHMNTS$jYC.2017.b.967
=852  41$aBritish Library$bHMNTS$jYC.2017.b.968
=852  41$aBritish Library$bHMNTS$jYC.2017.b.970
=852  41$aBritish Library$bHMNTS$jYC.2017.b.966
=852  41$aBritish Library$bHMNTS$ivol. 7
=852  41$aBritish Library$bHMNTS$jYC.2017.b.969
=852  41$aBritish Library$bHMNTS$jYC.2017.b.971
=852  41$aBritish Library$bHMNTS$jYC.2017.b.965
=852  41$aBritish Library$bHMNTS$jYC.2017.b.963
=852  41$aBritish Library$bHMNTS$jYC.2017.b.964
=852  41$aBritish Library$bHMNTS$jYC.2017.b.972
=CAT  \\$aBATCH-CMLD$b00$c20160723$lBLL01$h1736
=CAT  \\$aBATCH-UPD$b00$c20160723$lBLL01$h1736
=CAT  \\$aBATCH-ROF$b00$c20160723$lBLL01$h1747
=CAT  \\$a11373$b40$c20170123$lBLL01$h1215
=CAT  \\$a11250$b40$c20170403$lBLL01$h0935
=CAT  \\$a11250$b40$c20170403$lBLL01$h0950
=CAT  \\$a11250$b40$c20170403$lBLL01$h1323
=FIN  \\$aY$d20170403
=SRC  \\$aNielsen Bookdata
=LAS  \\$a11250$b40$c20170403$lBLL01$h1323

