=LDR  03405pam a2200685 i 4500
=001  017955601
=003  Uk
=005  20180213074626.0
=008  170525t20162016enka\\\e\b\\\\001\0\eng\\
=FMT  \\$a  BK
=010  \\$a  2017394062
=015  \\$aGBB6A5713$2bnb
=016  7\$a017955601$2Uk
=020  \\$a9781783831036 (paperback) :$c£14.99
=020  \\$a1783831030
=035  \\$a(OCoLC)ocn965517651
=040  \\$aStDuBDS$beng$cStDuBDS$dUk$erda
=042  \\$aukblsr
=043  \\$ae-uk---
=050  00$aCS414$b.B35 2016
=082  04$a929.1072041$223
=100  1\$aBali, Karen L.,$eauthor.
=245  10$aTracing your twentieth-century ancestors :$ba guide for family historians /$cKaren Bali.
=264  \1$aBarnsley, South Yorkshire :$bPen & Sword Family History,$c2016.
=264  \4$c©2016
=300  \\$axv, 156 pages :$billustrations (black and white) ;$c24 cm.
=336  \\$atext$btxt$2rdacontent
=336  \\$astill image$bsti$2rdacontent
=337  \\$aunmediated$bn$2rdamedia
=338  \\$avolume$bnc$2rdacarrier
=490  1\$aFamily history from Pen & Sword
=504  \\$aIncludes bibliographical references (page 150-152) and index.
=520  \\$aThe recent past is so often neglected when people research their family history, yet it can be one of the most rewarding periods to explore, and so much fascinating evidence is available. The rush of events over the last century and the rapid changes that have taken place in every aspect of life have been dramatic, and the lives of family members of only a generation or two ago may already appear remote. That is why Karen Bali's informative and accessible guide to investigating your immediate ancestors is essential reading, and a handy reference for anyone who is trying to trace them or discover the background to their lives.
=505  0\$aIntroduction -- Life in the twentieth century -- Civil records -- The census -- Directories and registers -- Wills -- Newspapers, photos and film -- Conflict and defence -- Trades, occupations and professions -- Land, property and place -- Migration and travel -- Tracing living relatives -- Preserving the past for the future.
=500  \\$aFormerly CIP.$5Uk
=651  \0$aGreat Britain$xGenealogy.
=650  \0$aLocal history$vSources.
=650  \0$aGenealogy.
=650  \0$aGenealogy$xArchival resources.
=650  \0$aArchival resources$zGreat Britain.
=650  \0$aLocal history$xResearch.
=650  \7$aREFERENCE / Genealogy & Heraldry.$2bisacsh
=650  \7$aArchival resources.$2fast$0(OCoLC)fst00814016
=650  \7$aGenealogy.$2fast$0(OCoLC)fst00939652
=650  \7$aGenealogy$xArchival resources.$2fast$0(OCoLC)fst00939654
=650  \7$aLocal history.$2fast$0(OCoLC)fst01001400
=650  \7$aLocal history$xResearch.$2fast$0(OCoLC)fst01001409
=651  \7$aGreat Britain.$2fast$0(OCoLC)fst01204623
=655  \7$aGenealogy.$2fast$0(OCoLC)fst01423818
=655  \7$aSources.$2fast$0(OCoLC)fst01423900
=830  \0$aFamily history from Pen and Sword.
=852  11$aBritish Library$bHMNTS$kNRR$h929.3
=852  41$aBritish Library$bHMNTS$jYC.2017.a.13644
=CAT  \\$aBATCH-CIPN$b00$c20160802$lBLL01$h1701
=CAT  \\$a6923$b40$c20170104$lBLL01$h1135
=CAT  \\$a7183$b40$c20171207$lBLL01$h0919
=CAT  \\$a9671$b40$c20180213$lBLL01$h0746
=FIN  \\$aY$d20171207
=SRC  \\$aBLL02
=LAS  \\$a9671$b40$c20180213$lBLL01$h0746

