=LDR  03704cam a2200541 i 4500
=001  018003782
=003  Uk
=005  20161130075315.0
=008  160629s2016\\\\ilua\\\\\b\\\\000\0\eng\\
=FMT  \\$a  BK
=010  \\$a  2016014956
=016  7\$a018003782$2Uk
=020  \\$a9780838988428 (pbk. : alk. paper)
=020  \\$z9780838988442 (epub)
=020  \\$z9780838988435 (PDF)
=020  \\$z9780838988459 (Kindle)
=040  \\$aDLC$beng$cDLC$dUk$erda
=042  \\$aukblcatcopy
=043  \\$an-us---
=050  00$aZ675.U5$bB725 2016
=082  00$a027.70973$223
=245  00$aBridging worlds :$bemerging models and practices of U.S. academic libraries around the globe /$cedited by Raymond Pun, Scott Collard, and Justin Parrott.
=264  \1$aChicago :$bAssociation of College and Research Libraries, a division of the American Library Association,$c2016.
=300  \\$av, 204 pages :$billustrations ;$c23 cm
=336  \\$atext$btxt$2rdacontent
=337  \\$aunmediated$bn$2rdamedia
=338  \\$avolume$bnc$2rdacarrier
=504  \\$aIncludes bibliographical references.
=505  0\$aEnvisioning the new global campus library : a conversation / Lucinda Covert-Vail and Roddy Austin -- Creating global delivery strategy : services, systems and practices / Beth Daniel Lindsay, Kristina Rose, Sydney Thompson, and Shoshannah Turgel -- Taking interlibrary loan abroad / Beth E. Clausen -- Integrating academic technology services into the global network university library : a conversation / Beth Russell, Ron Berry, and Brian Lewis -- Licensing electronic resources in the global environment : a conversation / William Maltarich and Angela M. Carreo -- Collection development for global campus libraries / Ree DeDonato and Michael Hughes -- Participatory archives : building on traditions of collaboration, openness, and accessibility at the American University in Cairo / Stephen Urgola and Carolyn Runyon -- Creating special collections : a case study from New York University Abu Dhabi / Virginia Danielson and Michael Stoller -- Managing copyright in the international campus library / April M. Hathcock -- Reference and research services in a global campus environment / Scott Collard, Ilka Datig, and Amani Magid -- Library instruction program at American-style academic libraries outside of the United States / Amanda B. Click and Meggan Ann Houlihan -- Supporting library user needs in an expanding global network / Paul Feid and Daniel Perkins -- Developing a global integration strategy for resource acquisitions / Nina Servizzi -- Global strategy for technical services / Justin Parrott, Wenchao P Jia, and Heng (Helen) Ge -- Resource description and access : internationalizing, teaching and learning RDA cataloging abroad / Sheau-yueh J. Chao.
=530  \\$aAlso published electronically.
=650  \0$aAcademic libraries$zUnited States$xInternational cooperation.
=650  \0$aLibraries and colleges$zUnited States$xInternational cooperation.
=650  \0$aAcademic libraries$xInternational cooperation$vCase studies.
=650  \0$aAcademic libraries$xPlanning.
=650  \0$aLibrary cooperation.
=650  \0$aInternational librarianship.
=700  1\$aPun, Raymond,$d1985-$eeditor.
=700  1\$aCollard, Scott,$eeditor.
=700  1\$aParrott, Justin,$eeditor.
=852  41$aBritish Library$bHMNTS$jYC.2017.a.845
=852  11$aBritish Library$bHMNTS$kHUR$h027.70973
=CAT  \\$a6503$b40$c20160907$lBLL01$h1602
=CAT  \\$a11131$b40$c20161130$lBLL01$h0753
=CAT  \\$aBATCH-016$c20170118$lBLL01$h2148
=CAT  \\$aW2308-1659$c20230923$lBLL01$h1009
=FIN  \\$aY$d20161130
=SRC  \\$aBLL02
=LAS  \\$aW2308-1659$b00$c20230923$lBLL01$h1009

