=LDR  02878cam a2200781 i 4500
=001  018052716
=003  Uk
=005  20230526105422.0
=008  160902s2012\\\\enka\\\j\\\\\|0|0\0|eng\d
=FMT  \\$a  BK
=015  \\$aGBB752740$2bnb
=016  7\$a018052716$2Uk
=020  \\$a9781911555001 (pack) :$c£6.99
=020  \\$a1911555006 (pack) :$c£6.99
=020  \\$a9781911555643$qBk. 1
=020  \\$a9781911555650$qBk. 2
=020  \\$a9781911555667$qBk. 3
=020  \\$a9781911555674$qBk. 4
=020  \\$a9781911555681$qBk. 5
=020  \\$a9781911555698$qBk. 6
=020  \\$a9781911555704$qBk. 7
=020  \\$a9781911555711$qBk. 8
=020  \\$a9781911555728$qBk. 9
=020  \\$a9781911555735$qBk.10
=020  \\$a9781911555742$qBk. 11
=020  \\$a9781911555759$qBk. 12
=020  \\$a9781911555766$qBk. 13
=020  \\$a9781911555773$qBk. 14
=020  \\$a9781911555780$qBk. 15
=020  \\$a9781911555797$qBk. 16
=040  \\$aUK-WkNB$beng$cUK-WkNB$dUk$erda
=042  \\$aukblsr
=082  04$a428.6$223
=245  00$aFongyphonics.$pLevel 1.
=264  \1$a[Great Britain] :$bFongyphonics Ltd,$c[2012]
=300  \\$a16 volumes :$billustrations (colour) ;$c24 cm
=336  \\$atext$2rdacontent
=337  \\$aunmediated$2rdamedia
=338  \\$avolume$2rdacarrier
=500  \\$aTitle from cover.
=650  \0$aReaders (elementary)
=852  41$aBritish Library$bHMNTS$jYKL.2017.a.4950$ibk. 8
=852  41$aBritish Library$bHMNTS$jYKL.2017.a.4960$ibk. 16
=852  41$aBritish Library$bHMNTS$jYKL.2017.a.4959$ibk. 15
=852  41$aBritish Library$bHMNTS$jYKL.2017.a.4945$ibk. 6
=852  41$aBritish Library$bHMNTS$jYKL.2017.a.4938$ibk. 2
=852  41$aBritish Library$bHMNTS$jYKL.2017.a.4942$ibk. 5
=852  41$aBritish Library$bHMNTS$jYKL.2017.a.4955$ibk. 12
=852  41$aBritish Library$bHMNTS$jYKL.2017.a.4954$ibk. 11
=852  41$aBritish Library$bHMNTS$jYKL.2017.a.4956$ibk. 13
=852  41$aBritish Library$bHMNTS$jYKL.2017.a.4953$ibk. 10
=852  41$aBritish Library$bHMNTS$jYKL.2017.a.4937$ibk. 1
=852  41$aBritish Library$bHMNTS$jYKL.2017.a.4958$ibk. 14
=852  41$aBritish Library$bHMNTS$ibk. 4
=852  41$aBritish Library$bHMNTS$jYKL.2017.a.4939$ibk. 3
=852  41$aBritish Library$bHMNTS$jYKL.2017.a.4941$ibk. 4
=852  41$aBritish Library$bHMNTS$jYKL.2017.a.4948$ibk. 7
=852  41$aBritish Library$bHMNTS$jYKL.2017.a.4952$ibk. 9
=CAT  \\$aBATCH-CMLD$b00$c20161008$lBLL01$h1736
=CAT  \\$aBATCH-UPD$b00$c20161008$lBLL01$h1740
=CAT  \\$aBATCH-ROF$b00$c20161008$lBLL01$h1753
=CAT  \\$a8337$b40$c20170322$lBLL01$h1421
=CAT  \\$a11250$b40$c20170327$lBLL01$h0850
=CAT  \\$aW1806-2088$c20180703$lBLL01$h1801
=CAT  \\$a11168$b40$c20230526$lBLL01$h1054
=FIN  \\$aY$d20170327
=SRC  \\$aNielsen Bookdata
=LAS  \\$a11168$b40$c20230526$lBLL01$h1054

