=LDR  02859aam a2200481 i 4500
=001  018114187
=003  Uk
=005  20180412212140.0
=008  161115t20172017enka\\\\\b\\\\001|0|eng|d
=FMT  \\$a  BK
=010  \\$a2016023662  
=015  \\$aGBB6J0802$2bnb
=016  7\$a018114187$2Uk
=020  \\$a9781107029293 (hbk.) :$c£84.99
=020  \\$z9781316849521 (PDF ebook) :$cNo price
=040  \\$aStDuBDS$beng$cStDuBDS$dUk$erda
=042  \\$aukblsr
=082  00$a870.9004$223
=245  02$aA guide to Neo-Latin literature /$cedited by Victoria Moul.
=264  \1$aCambridge :$bCambridge University Press,$c2017.
=264  \4$c©2017
=300  \\$axxvii, 488 pages :$billustrations (black and white) ;$c24 cm.
=336  \\$atext$2rdacontent
=336  \\$astill image$2rdacontent
=337  \\$aunmediated$2rdamedia
=338  \\$avolume$2rdacarrier
=500  \\$aFormerly CIP.$5Uk
=504  \\$aIncludes bibiographical references.
=505  00$tIntroduction: Neo-Latin literature /$rVictoria Moul --$gIdeas and assumptions.$tConjuring with the classics: Neo-Latin poets and their pagan familiars /$rYasmin Haskell --$tNeo-Latin literature and the vernacular /$rTom Deneire --$tHow the young man should study Latin poetry: Neo-Latin literature and early modern education /$rSarah Knight --$tThe Republic of Letters: across Europe and beyond /$rFrançoise Waquet --$gPoetry and drama.$tEpigram /$rRobert Cummings --$tElegy /$rL. B. T. Houghton --$tLyric /$rJulia Haig Gaisser --$tVerse letters /$rGesine Manuwald --$tVerse satire /$rSari Kivistö --$tPastoral /$rEstelle Haan --$tDidactic poetry /$rVictoria Moul --$tEpic /$rPaul Gwynne --$tDrama /$rNigel Griffin --$gProse.$tApproaching Neo-Latin prose as literature /$rTerence Tunberg --$tEpistolary writing /$rJacqueline Glomski --$tOratory and declamation /$rMarc van der Poel --$tDialogue /$rVirginia Cox --$tShorter prose fiction /$rDavid Marsh --$tLonger prose fiction /$rStefan Tilg --$tProse satire /$rJoel Relihan --$tHistoriography /$rFelix Mundt --$gWorking with Neo-Latin literature.$tUsing manuscripts and early printed books /$rCraig Kallendorf --$tEditing Neo-Latin literature /$rKeith Sidwell.
=530  \\$aAlso published electronically.
=650  \0$aLatin literature, Medieval and modern$xHistory and criticism.
=700  1\$aMoul, Victoria,$d1980-$eeditor.
=776  08$iebook version :$z9781316849521
=852  41$aBritish Library$bHMNTS$jYC.2017.a.4643
=852  11$aBritish Library$bHMNTS$kHLR$h870.9004
=BUF  \\$aN$d20170213
=CAT  \\$aBATCH-CIPN$b00$c20161122$lBLL01$h1700
=CAT  \\$aBATCH-CIPC$b00$c20161129$lBLL01$h1700
=CAT  \\$aBATCH-016$c20161130$lBLL01$h2202
=CAT  \\$a5703$b40$c20170213$lBLL01$h0806
=CAT  \\$aBATCH-BUOC$b00$c20180412$lBLL01$h2121
=FIN  \\$aY$d20170213
=LAS  \\$aBATCH-BUOC$b00$c20180412$lBLL01$h2121

