=LDR  03511cam a2200685 i 4500
=001  018130187
=003  Uk
=005  20201103121155.0
=008  161206m20169999gw\h\\\\\b\\\|0|1\0|mul\\
=FMT  \\$a  BK
=020  \\$a9783110609806$qBd. 1$qcased
=020  \\$z9783110610543$qBd. 1$qe-ISBN (PDF)
=020  \\$a9783110449433$qBd. 3, I, 1$qcased
=020  \\$a3110449439$qBd. 3, I, 1$qcased
=020  \\$z9783110454529$qBd. 3, I, 1$qe-ISBN (PDF)
=020  \\$a9783110581126$qBd. 5$qcased
=020  \\$z9783110582536$qBd. 5$qPDF
=040  \\$aUk$beng$cUk$erda
=041  1\$ager$agrc$aeng$hgrc$heng
=042  \\$aukblsr
=245  00$aKritische Gesamtausgabe.$nVierte Abteilung,$pÜbersetzungen /$cFriedrich Daniel Ernst Schleiermacher ; herausgegeben von Günter Meckenstock und Andreas Arndt [and three others].
=264  \1$aBerlin ;$aBoston :$bDe Gruyter,$c2016-
=300  \\$avolumes :$bfacsimiles ;$c25 cm.
=336  \\$atext$2rdacontent
=337  \\$aunmediated$2rdamedia
=338  \\$avolume$2rdacarrier
=490  0\$aKritische Gesamtausgabe / Friedrich Daniel Ernst Schleiermacher
=546  \\$aPlato's texts in Greek with multiple recensions of Schleiermacher's German translations in parallel columns. Blair's sermons in English with parallel German transtation. Critical matter in German.
=500  \\$aEditors vary for individual volumes.
=530  \\$aAlso available electronically.
=580  \\$aAbteilungen 1-3 and 5 are on record number 06680481.
=504  \\$aIncludes bibliographical references and indexes.
=505  1\$aBd. 1. Hugo (Hugh) Blairs Predigten : aus dem Englischen übersetzt : vierter Band (1795), fünfter Band (1802) : mit Synopse der Übersetzungsvorlagen -- Bd. 3. Platons Werke. I. Teil, 1. Band. Einleitung, Phaidros, Lysis, Protagoras, Laches : erste und zweite Auflage (1804, 1817) samt handschriftlicher Vorstufen und griechischer Vorlagen -- Bd. 5. Platons Werke. Zweiter Teil, erster Band. Gorgias, Theaitetos, Menon, Euthydemos : erste und zweite Auflage (1805, 1818) samt handschriftlicher Vorarbeiten und griechischer Vorlagen.
=650  \0$aSermons, English$yTranslations into German.
=610  20$aChurch of Scotland$vSermons.
=650  \0$aPhilosophy, Ancient$vEarly works to 1800$vTranslations into German.
=600  10$aBlair, Hugh,$d1718-1800.
=600  00$aPlato.
=700  12$aSchleiermacher, Friedrich,$d1768-1834.$tWorks.$kSelections.
=700  1\$aSchleiermacher, Friedrich,$d1768-1834,$etranslator.
=700  02$aPlato.$tWorks.$lGreek.
=700  02$aPlato.$tWorks.$lGerman.
=700  12$aBlair, Hugh,$d1718-1800.$tSermons.$kSelections.$lEnglish.
=700  12$aBlair, Hugh,$d1718-1800.$tSermons.$kSelections.$lGerman.
=700  1\$aMeckenstock, Günter,$d1948-2020,$eeditor.
=700  1\$aArndt, Andreas,$eeditor.
=852  41$aBritish Library$bHMNTS$jYF.2018.a.5786$i[Bd.3]
=852  41$aBritish Library$bHMNTS$jYF.2019.a.10220$i[Bd.1]
=852  41$aBritish Library$bHMNTS$i[Bd. 5]
=985  \\$aComplete in 8 parts--Editor's note.
=CAT  \\$a11069$b40$c20161206$lBLL01$h1220
=CAT  \\$a11069$b40$c20161206$lBLL01$h1253
=CAT  \\$a11069$b40$c20180924$lBLL01$h1026
=CAT  \\$a11069$b40$c20180924$lBLL01$h1028
=CAT  \\$a11069$b40$c20190603$lBLL01$h1004
=CAT  \\$a11069$b40$c20201103$lBLL01$h1206
=CAT  \\$a11069$b40$c20201103$lBLL01$h1211
=CAT  \\$aBATCH-UPD$b40$c20230127$lBLL01$h2026
=FIN  \\$aY$d20161206
=LAS  \\$aBATCH-UPD$b40$c20230127$lBLL01$h2026

