=LDR  02688ccm a2200697 i 4500
=001  018140291
=003  Uk
=005  20230223163221.0
=008  160708t20162016gw\mda\\\ehi\\\n\\\\eng\d
=FMT  \\$a  MU
=024  2\$a9790577012032
=024  2\$aM577012032
=024  3\$a9790577012032
=028  30$a72872$bPeters Edition Ltd
=028  30$aEP 72872$bPeters Edition Ltd
=035  \\$a(OCoLC)953711509
=040  \\$aOHX$beng$cOHX$dOCLCO$dEMU$dOCLCF$dUk$erda
=041  0\$geng
=042  \\$aukblsr
=050  \4$aM1579.S75$bM33 2016
=072  \7$aM$2lcco
=082  04$a782.543$223
=100  1\$aStainer, John,$d1840-1901,$ecomposer.
=240  10$aMadrigals.$kSelections
=245  10$aFour romantic madrigals :$bfor SSAATTBB /$cJohn Stainer ; edited by Jeremy Dibble.
=246  30$aRomantic madrigals
=264  \1$aLondon :$bPeters Edition Ltd,$c[2016]
=264  \4$c©2016
=300  \\$a1 score (iv, 55 pages) ;$c28 cm
=336  \\$anotated music$bntm$2rdacontent
=337  \\$aunmediated$bn$2rdamedia
=338  \\$avolume$bnc$2rdacarrier
=348  \\$ascore$2rda
=382  01$amixed chorus$v4-6, 8, or 10 parts$e1$2lcmpt
=546  \\$aEnglish words.
=546  \\$bStaff notation.
=500  \\$aPreface in English.
=505  0\$aI. Disappointment -- II. Dry your sweet cheek -- III. The castle by the sea -- IV. Like as a ship.
=500  \\$aPublisher's number: Edition Peters 72872 (on cover: EP 72872).
=650  \0$aChoruses, Secular (Mixed voices), Unaccompanied.
=650  \0$aMadrigals, English.
=650  \7$aChoruses, Secular (Mixed voices), Unaccompanied.$2fast$0(OCoLC)fst00858819
=650  \7$aMadrigals, English.$2fast$0(OCoLC)fst01005358
=655  \7$aMadrigals (Music)$2fast$0(OCoLC)fst01920220
=655  \7$aScores.$2fast$0(OCoLC)fst01692898
=700  1\$aDibble, Jeremy,$eeditor.
=700  12$iContainer of (work):$aStainer, John,$d1840-1901.$tDisappointment.
=700  12$iContainer of (work):$aStainer, John,$d1840-1901.$tDry your sweet cheek.
=700  12$iContainer of (work):$aStainer, John,$d1840-1901.$tCastle by the sea.
=700  12$iContainer of (work):$aStainer, John,$d1840-1901.$tLike as a ship.
=852  41$aBritish Library$bDSC$cMUSIC$jH06/.17089
=852  41$aBritish Library$bMUSIC$jNot yet available
=852  41$aBritish Library$bDSC$cMUSIC
=985  \\$aUpdated by MS generated file for WR2302-017
=CAT  \\$a8870$b40$c20161213$lBLL01$h1105
=CAT  \\$aBATCH-HARR$b00$c20170619$lBLL01$h1341
=CAT  \\$a8870$b40$c20170811$lBLL01$h1206
=CAT  \\$aW2302-0174$c20230223$lBLL01$h2011
=FIN  \\$aY$d20170811
=SID  \\$aZ39$bOCLC
=LAS  \\$aW2302-0174$b00$c20230223$lBLL01$h2011

