=LDR  02920cam a2200697 i 4500
=001  018172698
=003  Uk
=005  20221231234006.0
=008  161124s2017\\\\enkab\\\\b\\\\001\0\eng\d
=FMT  \\$a  BK
=015  \\$aGBB705566$2bnb
=016  7\$a018172698$2Uk
=020  \\$a9781851244126$qBodleian Library Publishing : hardback :$c£30.00
=020  \\$a9780902087668$qLondon Topgraphical Society : hardback :$c£30.00
=040  \\$aStDuBDS$beng$cStDuBDS$dUk$erda
=042  \\$aukblsr
=082  04$a942.10022$223
=100  1\$aNurse, Bernard,$eauthor.
=245  10$aLondon :$bprints & drawings before 1800 /$cBernard Nurse.
=264  \1$aOxford :$bBodleian Library, University of Oxford,$c2017.
=300  \\$avi, 226 pages :$billustrations (black and white, and colour), maps (black and white, and colour) ;$c25 x 29 cm.
=336  \\$atext$2rdacontent
=336  \\$astill image$2rdacontent
=337  \\$aunmediated$2rdamedia
=338  \\$avolume$2rdacarrier
=490  0\$aLondon Topographical Society ;$vNo. 179
=500  \\$a"The Gough Collection, Bodleian Library, University of Oxford."
=504  \\$aIncludes bibliographical references and index.
=500  \\$aFormerly CIP.$5Uk
=540  \\$aCurrent Copyright Fee: GBP25.00$c0$5Uk
=610  20$aBodleian Library.
=651  \0$aLondon (England)$xHistory$vPictorial works.
=651  \0$aLondon (England)$vMaps, Manuscript$vEarly works to 1800$vFacsimiles.
=710  2\$aLondon Topographical Society.
=852  41$aBritish Library$bDSC$j7091.280000
=852  11$aBritish Library$bMAPS$kMaps Ref G.4$h(London)
=852  41$aBritish Library$bHMNTS$jLC.31.a.20907
=CAT  \\$aBATCH-CIPN$b00$c20170110$lBLL01$h1701
=CAT  \\$a11373$b40$c20170511$lBLL01$h0952
=CAT  \\$a11029$b40$c20171108$lBLL01$h1139
=CAT  \\$aBATCH-CLA$b00$c20171109$lBLL01$h0110
=CAT  \\$aBATCH-CLA$b00$c20171222$lBLL01$h2221
=CAT  \\$aIPL-CLA$c20171231$lBLL01$h1833
=CAT  \\$a5751$b40$c20180227$lBLL01$h1107
=CAT  \\$a5751$b40$c20180227$lBLL01$h1113
=CAT  \\$aBATCH-CLA$b00$c20180228$lBLL01$h0209
=CAT  \\$a6162$b40$c20180419$lBLL01$h1423
=CAT  \\$aBATCH-CLA$b00$c20180420$lBLL01$h0126
=CAT  \\$aBATCH-CLA$b00$c20191219$lBLL01$h1804
=CAT  \\$aIPL-CLA$c20191231$lBLL01$h2043
=CAT  \\$aR2001-1524$c20200127$lBLL01$h2108
=CAT  \\$aBATCH-CLA$b00$c20200128$lBLL01$h0417
=CAT  \\$aBATCH-CLA$b00$c20201204$lBLL01$h1616
=CAT  \\$aIPL-CLA$c20201231$lBLL01$h2348
=CAT  \\$aBATCH-CLA$b00$c20221221$lBLL01$h1934
=CAT  \\$aIPL-CLA$c20221231$lBLL01$h2340
=CFI  0\$aCurrent Copyright Fee: GBP25.00$c0$e01-jan-2023$fGBP25.00$g0$hA$5Uk
=CFI  2\$aPrevious Copyright Fee: GBP22.50$c0$e01-jan-2021$fGBP22.50$g0$hA$5Uk
=FIN  \\$aY$d20171108
=ACF  \\$aPrevious Copyright Fee: GBP20.00$c0$e01-jan-2020$fGBP20.00$g0$hA$5Uk
=LAS  \\$aIPL-CLA$b00$c20221231$lBLL01$h2340

