=LDR  02649cam a2200529 i 4500
=001  018198493
=003  Uk
=005  20220331232259.0
=008  160923s2017\\\\caua\\\\\b\\\\001\0\eng\\
=FMT  \\$a  BK
=010  \\$a  2016023413
=020  \\$a9781440834783 (paperback : acid-free paper)
=020  \\$a1440834784 (paperback : acid-free paper)
=035  \\$a(OCoLC)910091860
=040  \\$aDLC$beng$cDLC$dBTCTA$dYDXCP$dOCLCF$dNTE$dUk$erda
=042  \\$aukblcatcopy
=050  00$aZ669.7$b.P68 2017
=082  00$a020.72$223
=100  1\$aConnaway, Lynn Silipigni,$eauthor.
=245  10$aResearch methods in library and information science /$cLynn Silipigni Connaway and Marie L. Radford.
=250  \\$aSixth edition.
=264  \1$aSanta Barbara, California :$bLibraries Unlimited,$c[2017]
=300  \\$axv, 478 pages :$billustrations ;$c26 cm.
=336  \\$atext$btxt$2rdacontent
=337  \\$aunmediated$bn$2rdamedia
=338  \\$avolume$bnc$2rdacarrier
=490  0\$aLibrary and information science text series
=500  \\$aRevised edition of: Basic research methods for librarians / Lynn Silipigni Connaway and Ronald R. Powell. Fifth edition. [2010].
=504  \\$aIncludes bibliographical references and indexes.
=505  0\$aResearch and librarianship -- Developing the research study -- Principles of quantitative methods -- Survey research -- Experimental research -- Analysis of qualitative data -- Principles of qualitative methods -- Individual interviews -- Ethnographic approaches to qualitative research -- Analysis of qualitative data -- Historical research -- Applied research -- Writing the research proposal -- Written and oral presentation of the research project.
=540  \\$aBritish Library not licensed to copy$c0$5Uk
=650  \0$aLibrary science$xResearch$xMethodology.
=650  \0$aInformation science$xResearch$xMethodology.
=650  \7$aInformation science$xResearch$xMethodology.$2fast$0(OCoLC)fst00972663
=650  \7$aLibrary science$xResearch$xMethodology.$2fast$0(OCoLC)fst00997963
=700  1\$aRadford, Marie L.,$eauthor.
=700  1\$aConnaway, Lynn Silipigni.$tBasic research methods for librarians.
=852  11$aBritish Library$bHMNTS$kHUR$h020.72
=852  41$aBritish Library$bDSC$jm17/.10336
=CAT  \\$aCOUTTS-2$b00$c20170201$lBLL01$h2021
=CAT  \\$a11131$b40$c20170206$lBLL01$h1323
=CAT  \\$aBATCH-CLAB$c20220330$lBLL01$h1745
=CAT  \\$aIPL-CLA$c20220331$lBLL01$h2322
=CFI  0\$aBritish Library not licensed to copy$c0$e01-apr-2022$hC$iCFP Excluded$5Uk
=FIN  \\$aY$d20170206
=SID  \\$aZ39$bOCLC
=LAS  \\$aIPL-CLA$b00$c20220331$lBLL01$h2322

