=LDR  01288pam a2200385 i 4500
=001  018213859
=003  Uk
=005  20171218081630.0
=008  161207s2017\\\\enka\\\\\b\\\\001|0|eng|d
=FMT  \\$a  BK
=015  \\$aGBB716929$2bnb
=016  7\$a018213859$2Uk
=020  \\$a9780500519110 (hbk.) :$c£19.95
=040  \\$aStDuBDS$beng$cStDuBDS$dUk$erda
=042  \\$aukblcatcopy
=082  04$a617.609$223
=100  1\$aBarnett, Richard,$d1980-$eauthor.
=245  14$aThe smile stealers :$bthe fine + foul art of dentistry /$cRichard Barnett.
=264  \1$aLondon :$bThames & Hudson,$c2017.
=300  \\$a255 pages :$billustrations ;$c25 cm
=336  \\$atext$2rdacontent
=336  \\$astill image$2rdacontent
=337  \\$aunmediated$2rdamedia
=338  \\$avolume$2rdacarrier
=504  \\$aIncludes bibliographical references and index.
=500  \\$aFormerly CIP.$5Uk
=650  \0$aDentistry$xHistory.
=650  \0$aDentistry$xHistory$vPictorial works.
=852  41$aBritish Library$bHMNTS$jYKL.2018.a.9264
=852  11$aBritish Library$bHMNTS$kHLR$h617.60
=CAT  \\$aBATCH-CIPN$b00$c20170207$lBLL01$h1700
=CAT  \\$a9518$b40$c20170704$lBLL01$h1158
=CAT  \\$a10904$b40$c20171218$lBLL01$h0816
=FIN  \\$aY$d20171218
=LAS  \\$a10904$b40$c20171218$lBLL01$h0816

