=LDR  02126ccm a2200505 a 4500
=001  018220802
=003  Uk
=005  20230223163335.0
=008  000518s1937\\\\enkuuh\\\\\\\\\n\\\\eng\d
=FMT  \\$a  MU
=028  22$a16470$bNovello and Company
=035  \\$a(OCoLC)271818275
=040  \\$aAU@$beng$cAU@$dOCLCF$dOCLCO$dOCLCQ$dUk
=082  04$a782.642$223
=100  1\$aDunhill, Thomas F.$q(Thomas Frederick),$d1877-1946.
=245  14$aThe summer night :$btrio for ladies' voices S.S.A. with piano accompaniment /$cwords by Longfellow ; music by Thomas F. Dunhill.
=260  \\$aLondon :$bNovello,$c©1937.
=300  \\$a1 score (5 pages) ;$c26 cm.
=336  \\$anotated music$bntm$2rdacontent
=337  \\$aunmediated$bn$2rdamedia
=338  \\$avolume$bnc$2rdacarrier
=382  01$awomen's chorus$vSSA$e1$apiano$n1$2lcmpt
=490  1\$aNovello's octavo edition of trios etc. for female voices ;$vno. 567
=500  \\$aFor female chorus (SSA) with piano accompaniment.
=546  \\$aEnglish words.
=500  \\$aTitle from caption.
=600  10$aLongfellow, Henry Wadsworth,$d1807-1882$vMusical settings.
=650  \0$aChoruses, Secular (Women's voices, 3 parts) with piano.
=650  \0$aVocal trios with piano.
=600  17$aLongfellow, Henry Wadsworth,$d1807-1882$2fast$0(OCoLC)fst00035868
=650  \7$aChoruses, Secular (Women's voices, 3 parts) with piano.$2fast$0(OCoLC)fst01187345
=650  \7$aVocal trios with piano.$2fast$0(OCoLC)fst01168436
=655  \7$aMusical settings.$2fast$0(OCoLC)fst01423813
=655  \7$aPart songs.$2fast$0(OCoLC)fst01920272
=655  \7$aScores.$2fast$0(OCoLC)fst01692898
=700  1\$aLongfellow, Henry Wadsworth,$d1807-1882.
=830  \0$aNovello's octavo edition of trios etc. for female voices ;$vno. 567.
=852  41$aBritish Library$bDSC$cMUSIC
=852  41$aBritish Library$bMUSIC$jE.1746./567
=985  \\$aUpdated by MS generated file for WR2302-017
=CAT  \\$a8870$b40$c20170210$lBLL01$h1337
=CAT  \\$aW2302-0174$c20230223$lBLL01$h2012
=FIN  \\$aY$d20170210
=SID  \\$aZ39$bOCLC
=LAS  \\$aW2302-0174$b00$c20230223$lBLL01$h2012

