=LDR  04846cam a2200865 i 4500
=001  018222239
=003  Uk
=005  20211126140957.0
=008  161208m20172019enka\\\\\\\\\\001\0\eng\d
=FMT  \\$a  BK
=015  \\$aGBB8D1576$2bnb
=016  7\$a018222239$2Uk
=020  \\$a9780992814366$qv. 1$qspiral$c£38.00
=020  \\$a0992814367$qv. 1$c£38.00
=020  \\$a9780995717404$qv. 2$qspiral$c£38.00
=020  \\$a0995717400$qv. 2$c£38.00
=020  \\$a9780995717411$qv. 3$qspiral$c£38.00
=020  \\$a0995717419$qv. 3$c£38.00
=020  \\$a9780995717428$qv. 4$qspiral$c£38.00
=020  \\$a0995717427$qv. 4$c£38.00
=020  \\$a9780995717442$qv. 6$c£38.00
=020  \\$a9780995717435$qv. 5$c£38.00
=020  \\$a0995717435$qv. 5$c£38.00
=020  \\$a9780995717459$qv. 7
=020  \\$a9780995717466$qv. 8
=020  \\$a9780995717473$qv. 9$qpaperback
=020  \\$a9780995717480$qv. 10$qpaperback
=020  \\$a9780995717497$qv. 11$qpaperback$c£38.00
=040  \\$aUK-WkNB$beng$cUK-WkNB$dUk$erda
=042  \\$aukblsr
=082  04$a929.72$223
=100  1\$aArnold, Jacques,$d1947-$eauthor.
=245  14$aThe royal houses of Europe.$pThe descendants of King Charles II /$cby Jacques Arnold.
=264  \1$aKent :$bPatricia Arnold,$c[2017-2019]
=300  \\$avolumes :$billustrations (colour) ;$c22 x 31 cm
=336  \\$atext$2rdacontent
=337  \\$aunmediated$2rdamedia
=338  \\$avolume$2rdacarrier
=505  1\$av. 1. With Lucy Walter and with Mary Davis : the Buccleuch lines and the Derwentwater lines through seventeen generations -- v. 2. With the Hon. Barbara Villiers : through Lady Anne Fitzroy, Countess of Sussex, the Dacre and Barrett-Lennard lines through seventeen generations -- v. 3. With the Hon. Barbara Villiers : from the Dukes of Cleveland and Grafton, the Fitzroy lines through fourteen generations -- v. 4. With the Hon. Barbara Villiers : through Henry Fitzroy and the Earls of Harrington, the Stanhope lines through fourteen generations -- v. 5. With the Hon. Barbara Villiers : through Henry FitzRoy and the Marquesses of Hertford, the Seymour Lines through fourteen generations -- v. 6. With the Hon. Barbara Villiers : through Lady Charlotte FitzRoy, Countess of Lichfield, the Calvert, Clifford and Mostyn Lines through fourteen generations -- v. 7. With the Hon. Barbara Villiers through Lady Charlotte Fitzroy, Countess of Lichfield, the Neville and Dillon lines through seventeen generations -- v. 8. With Nell Gwynn : from the Dukes of St Albans, the Beauclerk lines through fourteen generations -- v. 9. With Louise Renée de Penancoët de Kérouaille. Through Lady Anne Lennox, The Berkeley and Russell Lines -- v. 10. With Louise Renée de Penancoët de Kérouaille. Through Charles Lennox, Duke of Richmond, the Gordon-Lennox lines, and the Fitzgerald lines of the Dukes of Leinster -- v. 11. With Louise Renée de Penancoët de Kérouaille. Through Charles Lennox, the Keppel lines of the Earls of Albemarle and the Barrington lines.
=500  \\$aIncludes index.
=600  30$aStuart, House of.
=650  \0$aRoyal houses$zGreat Britain$vGenealogy.
=650  \0$aRoyal houses$zEurope$vGenealogy.
=650  \0$aNobility$zGreat Britain$vGenealogy.
=650  \0$aNobility$zEurope$vGenealogy.
=651  \0$aGreat Britain$xKings and rulers$vGenealogy.
=600  00$aCharles$bII,$cKing of Great Britain,$d1630-1685$xFamily.
=852  41$aBritish Library$bHMNTS$jLC.37.a.1469$ivol. 4
=852  41$aBritish Library$bHMNTS$jLC.37.a.1466$ivol. 1
=852  41$aBritish Library$bHMNTS$jLC.37.a.1468$ivol. 3
=852  41$aBritish Library$bHMNTS$jLC.37.a.1467$ivol. 2
=852  41$aBritish Library$bHMNTS$jLC.37.a.1533$ivol. 6
=852  41$aBritish Library$bHMNTS$jLC.37.a.1532$ivol. 5
=852  41$aBritish Library$bHMNTS$jLC.37.a.1648$ivol. 7
=852  41$aBritish Library$bHMNTS$jLC.37.a.1649$ivol. 8
=852  41$aBritish Library$bHMNTS$ivol. 7
=852  41$aBritish Library$bHMNTS$jLC.37.a.1774
=852  41$aBritish Library$bHMNTS$jLC.37.a.1775
=852  41$aBritish Library$bHMNTS$jLC.37.a.1776
=CAT  \\$aBATCH-CMLD$b00$c20170211$lBLL01$h1735
=CAT  \\$aBATCH-UPD$b00$c20170211$lBLL01$h1736
=CAT  \\$aBATCH-ROF$b00$c20170211$lBLL01$h1749
=CAT  \\$aBATCH-016$c20170430$lBLL01$h1654
=CAT  \\$aW1706-0374$c20170608$lBLL01$h1751
=CAT  \\$a8337$b40$c20171009$lBLL01$h1418
=CAT  \\$a9665$b40$c20180713$lBLL01$h1150
=CAT  \\$a9665$b40$c20180713$lBLL01$h1227
=CAT  \\$aBATCH-016$c20180718$lBLL01$h2158
=CAT  \\$a9665$b40$c20181123$lBLL01$h0824
=CAT  \\$a11070$b40$c20191003$lBLL01$h0949
=CAT  \\$a11070$b40$c20211126$lBLL01$h1409
=FIN  \\$aY$d20180713
=LDO  \\$d1/3739132
=SRC  \\$aNielsen Bookdata
=LAS  \\$a11070$b40$c20211126$lBLL01$h1409

