=LDR  02994 am a2200445 i 4500
=001  018270750
=003  Uk
=005  20180222090059.0
=008  160816s2017\\\\nyua\\\\\b\\\\001\0\eng\\
=FMT  \\$a  BK
=010  \\$a  2016037591
=015  \\$aGBB838314$2bnb
=016  7\$a018270750$2Uk
=020  \\$a9781631491504$qhardcover
=040  \\$aDLC$beng$cDLC$dDLC$dUk$erda
=042  \\$aukblcatcopy
=043  \\$an-us---
=050  00$aML3795$b.H5 2017
=082  00$a780.23$223
=100  1\$aHerstand, Ari,$eauthor.
=245  10$aHow to make it in the new music business :$bpractical tips on building a loyal following and making a living as a musician /$cAri Herstand.
=250  \\$aFirst edition.
=264  \1$aNew York, NY :$bLiveright Publishing Corporation,$c[2017]
=300  \\$axviii, 457 pages :$billustrations ;$c25 cm
=336  \\$atext$btxt$2rdacontent
=337  \\$aunmediated$bn$2rdamedia
=338  \\$avolume$bnc$2rdacarrier
=504  \\$aIncludes bibliographical references and index.
=505  0\$aWhy music? -- The new industry -- Recording -- The release -- Building a fanbase one fan at a time -- Playing live -- Booking and promotion -- Touring -- How to make real money playing colleges -- Sponsorships and investments -- How to master the Internet -- The new Asking Economy : the difference between asking and begging -- How to get all the royalties you never knew existed (and other business things you need to know) -- How to get music placed in film and television -- Bump everyone else off the cover -- Outro.
=520  \\$a"In the last decade, no industry has been through as much upheaval and turmoil as the music industry. If you're looking for quick fame and instant success, you're in the wrong field. It's now a democratic, "DIY" business, and any guide to success in these new waters must be told by someone who's already survived them. Giving today's aspiring musicians the practical tools they need to build and maintain a lifelong career, How to Make It in the New Music Business becomes not only a brilliantly compiled tutorial on how to accomplish specific tasks--routing a tour, negotiating contracts, getting paid for Spotify and Pandora plays, or even licensing music to commercials, film, and television--but also a manifesto that encourages musicians to pave their own path. Written in clear, easy-to-follow chapters, Ari Herstand's necessary and definitive handbook promises to redefine what it means to "make it" in the brave new world of professional music,"--WW Norton.
=650  \0$aMusic$xVocational guidance$zUnited States.
=650  \0$aMusic trade$xVocational guidance$zUnited States.
=852  11$aBritish Library$bSTI$cBIPC$kSBH. BT.173
=852  41$aBritish Library$bHMNTS$jYC.2018.a.2679
=CAT  \\$a8337$b40$c20170322$lBLL01$h1145
=CAT  \\$aBATCH-016$c20170322$lBLL01$h2149
=CAT  \\$a14710$b40$c20180222$lBLL01$h0900
=FIN  \\$aY$d20180222
=SRC  \\$aBLL02
=LAS  \\$a14710$b40$c20180222$lBLL01$h0900

