=LDR  02361ccm a2200553 a 4500
=001  018346318
=003  Uk
=005  20230223163602.0
=008  011203s1927\\\\enkpta\\\\\\\\\n\\\\eng\\
=FMT  \\$a  MU
=028  22$a61228$bCurwen
=035  \\$a(OCoLC)155841696$z(OCoLC)51828786
=040  \\$aNz$beng$cD8D$dOCLCF$dOCLCQ$dOCL$dOCLCQ$dUk
=042  \\$aukblsr
=082  04$a782.642$223
=100  1\$aGibbs, C. Armstrong.
=240  10$aFestival choruses,$nop. 61.$pEmigrant
=245  14$aThe emigrant :$bop. 61 no. 3 : for chorus of sopranos and contraltos, or tenors and basses, with pianoforte accompaniment /$cpoem by John Masefield ; [music by] Armstrong Gibbs.
=260  \\$aLondon :$bCurwen,$c1927.
=300  \\$a1 score (7 pages) ;$c27 cm.
=336  \\$anotated music$bntm$2rdacontent
=337  \\$aunmediated$bn$2rdamedia
=338  \\$avolume$bnc$2rdacarrier
=382  01$awomen's chorus$vSA$pmen's chorus$vTB$pmixed chorus$vSATB$e1$apiano$n1$2lcmpt
=500  \\$aCaption title.
=500  \\$aVoice parts in both staff and tonic sol-fa notation.
=546  \\$aEnglish words.
=500  \\$a"Curwen edition."
=600  10$aMasefield, John,$d1878-1967$vMusical settings.
=650  \0$aChoruses, Secular (Women's voices, 2 parts) with piano.
=650  \0$aChoruses, Secular (Men's voices, 2 parts) with piano.
=650  \0$aChoruses, Secular (Mixed voices, 2 parts) with piano.
=600  17$aMasefield, John,$d1878-1967$2fast$0(OCoLC)fst00055666
=650  \7$aChoruses, Secular (Men's voices, 2 parts) with piano.$2fast$0(OCoLC)fst01187103
=650  \7$aChoruses, Secular (Mixed voices, 2 parts) with piano.$2fast$0(OCoLC)fst01187189
=650  \7$aChoruses, Secular (Women's voices, 2 parts) with piano.$2fast$0(OCoLC)fst01187331
=655  \7$aMusical settings.$2fast$0(OCoLC)fst01423813
=655  \7$aPart songs.$2fast$0(OCoLC)fst01920272
=655  \7$aScores.$2fast$0(OCoLC)fst01692898
=700  1\$aMasefield, John,$d1878-1967.
=830  \0$aChoral handbook ;$vno. 1228.
=852  41$aBritish Library$bDSC$cMUSIC
=852  41$aBritish Library$bMUSIC$jE.862./1228
=985  \\$aUpdated by MS generated file for WR2302-017
=CAT  \\$a8870$b40$c20170518$lBLL01$h1132
=CAT  \\$aW2302-0174$c20230223$lBLL01$h2014
=FIN  \\$aY$d20170518
=SID  \\$aZ39$bOCLC
=LAS  \\$aW2302-0174$b00$c20230223$lBLL01$h2014

