=LDR  01526pam a2200421 i 4500
=001  018350127
=003  Uk
=005  20171218080604.0
=008  170512s2017\\\\enka\\\\\b\\\\001|0|eng|d
=FMT  \\$a  BK
=015  \\$aGBB785748$2bnb
=016  7\$a018350127$2Uk
=020  \\$a9780199672806 (hbk.) :$c£95.00
=040  \\$aStDuBDS$beng$cStDuBDS$dUk$erda
=042  \\$aukblcatcopy
=082  04$a820.9382$223
=245  04$aThe Oxford handbook of early modern English literature and religion /$cedited by Andrew Hiscock, Helen Wilcox.
=264  \1$aOxford :$bOxford University Press,$c2017.
=300  \\$axlv, 802 pages :$billustrations ;$c26 cm.
=336  \\$atext$2rdacontent
=336  \\$astill image$2rdacontent
=337  \\$aunmediated$2rdamedia
=338  \\$avolume$2rdacarrier
=490  0\$aOxford handbooks
=504  \\$aIncludes bibliographical references and index.
=500  \\$aFormerly CIP.$5Uk
=650  \0$aEnglish literature$yEarly modern, 1500-1700$xHistory and criticism.
=650  \0$aReligion and literature$zGreat Britain$xHistory$y16th century.
=650  \0$aReligion in literature.
=700  1\$aHiscock, Andrew,$d1962-$eeditor.
=700  1\$aWilcox, Helen,$eeditor.
=852  41$aBritish Library$bHMNTS$jYC.2018.b.1811
=852  11$aBritish Library$bHMNTS$kHLR$h820.9382
=CAT  \\$aBATCH-CIPN$b00$c20170523$lBLL01$h1700
=CAT  \\$a9518$b40$c20171002$lBLL01$h1221
=CAT  \\$a10904$b40$c20171218$lBLL01$h0806
=FIN  \\$aY$d20171218
=LAS  \\$a10904$b40$c20171218$lBLL01$h0806

