=LDR  01427pam a2200385 i 4500
=001  018406544
=003  Uk
=005  20190827111639.0
=008  170524s2017\\\\enka\\\\\b\\\|0|1\0|eng|d
=FMT  \\$a  BK
=015  \\$aGBB7B2067$2bnb
=016  7\$a018406544$2Uk
=020  \\$a9780198183112$c£40.00
=040  \\$aStDuBDS$beng$cStDuBDS$dUk$erda
=042  \\$aukblsr
=082  04$a820.9004$223
=100  1\$aEzell, Margaret J. M.,$eauthor.
=245  14$aThe Oxford English literary history.$nVolume V,$p1645-1714, The later seventeenth century /$cMargaret J. M. Ezell.
=246  30$a1645-1714, the later seventeenth century
=246  30$aEnglish literary history
=264  \1$aOxford :$bOxford University Press,$c2017.
=300  \\$axxv, 572 pages :$billustrations (black and white) ;$c23 cm
=336  \\$atext$2rdacontent
=337  \\$aunmediated$2rdamedia
=338  \\$avolume$2rdacarrier
=504  \\$aIncludes bibliographical references and index.
=500  \\$aFormerly CIP.$5Uk
=650  \0$aEnglish literature$yEarly modern, 1500-1700$xHistory and criticism.
=650  \0$aEnglish literature$y18th century$xHistory and criticism.
=852  41$aBritish Library$bHMNTS$jYC.2020.a.1953
=852  11$aBritish Library$bHMNTS$kHLR$h820.9$iVol.5
=CAT  \\$aBATCH-CIPN$b00$c20170704$lBLL01$h1700
=CAT  \\$a11250$b40$c20190827$lBLL01$h1116
=FIN  \\$aY$d20190827
=LAS  \\$a11250$b40$c20190827$lBLL01$h1116

