=LDR  01471pam a2200397 i 4500
=001  018406695
=003  Uk
=005  20190827111024.0
=008  170525s2017\\\\enka\\\\\b\\\|0|1\0|eng|d
=FMT  \\$a  BK
=015  \\$aGBB7B2218$2bnb
=016  7\$a018406695$2Uk
=020  \\$a9780199575381$c£35.00
=040  \\$aStDuBDS$beng$cStDuBDS$dUk$erda
=042  \\$aukblsr
=082  04$a820.9001$223
=100  1\$aAshe, Laura,$eauthor.
=245  14$aThe Oxford English literary history.$nVolume I,$p1000-1350, Conquest and transformation /$cLaura Ashe.
=246  30$a1000-1350, Conquest and transformation
=246  30$aConquest and transformation
=264  \1$aOxford :$bOxford University Press,$c2017.
=300  \\$axvii, 472 pages :$billustrations (black and white) ;$c23 cm
=336  \\$atext$2rdacontent
=337  \\$aunmediated$2rdamedia
=338  \\$avolume$2rdacarrier
=504  \\$aIncludes bibliographical references and index.
=500  \\$aFormerly CIP.$5Uk
=650  \0$aEnglish literature$yMiddle English, 1100-1500$xHistory and criticism.
=650  \0$aEnglish literature$yOld English, ca. 450-1100$xHistory and criticism.
=852  41$aBritish Library$bHMNTS$jYC.2020.a.1952
=852  11$aBritish Library$bHMNTS$kHLR$h820.9$iVol.1
=CAT  \\$aBATCH-CIPN$b00$c20170704$lBLL01$h1700
=CAT  \\$a11250$b40$c20190827$lBLL01$h1103
=CAT  \\$a11250$b40$c20190827$lBLL01$h1110
=FIN  \\$aY$d20190827
=LAS  \\$a11250$b40$c20190827$lBLL01$h1110

