=LDR  02264pam a2200481 i 4500
=001  018406820
=003  Uk
=005  20180821110045.0
=008  161207s2017\\\\ctuab\\\\b\\\\001\0\eng\\
=FMT  \\$a  BK
=010  \\$a  2016055768
=015  \\$aGBB7B2343$2bnb
=016  7\$a018406820$2Uk
=020  \\$a9780300207248 :$qhardback$c£35.00
=040  \\$aStDuBDS$beng$cStDuBDS$dUk$erda
=042  \\$aukblcatcopy
=043  \\$ae-uk---$apo-----
=050  00$aG420.C65$bM32 2017
=082  00$a910.9164$223
=100  1\$aMcAleer, John,$eauthor.
=245  10$aCaptain Cook and the Pacific :$bart, exploration & empire /$cJohn McAleer and Nigel Rigby.
=264  \1$aNew Haven :$bYale University Press,$c2017.
=300  \\$a256 pages :$billustrations (black and white, and colour), maps (black and white, and colour) ;$c27 cm
=336  \\$atext$2rdacontent
=336  \\$astill image$2rdacontent
=337  \\$aunmediated$2rdamedia
=338  \\$avolume$2rdacarrier
=504  \\$aIncludes bibliographical references and index.
=505  0\$aJames Cook, the Royal Navy and his three voyages of exploration -- The advancement of science and the increase of knowledge : charting the Pacific and enlightenment science -- Cook's Pacific : explorations and encounter in the Pacific -- Visualizing the Pacific : art, landscape and exploration in the Pacific -- Exhibiting the Pacific : collecting, recording and display -- 'Men of Captain Cook' : Pacific voyages 1785-1803 -- The strange afterlives of Captain Cook : representations and commemorations -- Cook on display : the National Maritime Museum's Cook galleries and exhibitions, 1937-2000.
=500  \\$aFormerly CIP.$5Uk
=600  10$aCook, James,$d1728-1779.
=651  \0$aOceania$xDiscovery and exploration$xBritish.
=650  \0$aMaterial culture$xSocial aspects.
=610  20$aNational Maritime Museum (Great Britain)
=700  1\$aRigby, Nigel,$eauthor.
=852  41$aBritish Library$bHMNTS$jYC.2018.b.2188
=852  11$aBritish Library$bHMNTS$kMSS$h910.92
=CAT  \\$aBATCH-CIPN$b00$c20170704$lBLL01$h1700
=CAT  \\$a11373$b40$c20171208$lBLL01$h1312
=CAT  \\$a8317$b40$c20180821$lBLL01$h1100
=FIN  \\$aY$d20180821
=SRC  \\$aBLL02
=LAS  \\$a8317$b40$c20180821$lBLL01$h1100

