=LDR  03016cam a2200601 i 4500
=001  018421565
=003  Uk
=005  20171019163429.0
=008  170712s2017\\\\gw\a\\\\\b\\\|1|1\0|ger\\
=FMT  \\$a  BK
=020  \\$a9783110469684$qcased
=020  \\$z9783110471588$qPDF
=040  \\$aUk$beng$cUk$erda
=041  0\$ager$aeng$afre$aita$alat
=042  \\$aukblsr
=111  2\$aFortunatianus redivivus - Bischof Fortunatian von Aquileia und sein Evangelienkommentar (Conference)$d(2015 :$cUniversität Salzburg)
=245  10$aFortunatianus redivivus :$bBischof Fortunatian von Aquileia und sein Evangelienkommentar /$cherausgegeben von Lukas J. Dorfbauer ; unter Mitarbeit von Victoria Zimmerl-Panagl.
=264  \1$aBerlin :$bDe Gruyter,$c[2017]
=300  \\$aX, 349 pages :$billustrations (black and white) ;$c25 cm.
=336  \\$atext$2rdacontent
=337  \\$aunmediated$2rdamedia
=338  \\$avolume$2rdacarrier
=490  1\$aCorpus Scriptorum Ecclesiasticorum Latinorum. Extra Seriem
=546  \\$a5 contributions in German, 3 in English, 2 in French, and 1 in Italian, with some passages in Latin.
=500  \\$aPapers from the conference "Fortunatianus redivivus - Bischof Fortunatian von Aquileia und sein Evangelienkommentar", organised by the Arbeitsgruppe CSEL and held at the Universität Salzburg, 2015.
=504  \\$aIncludes bibliographical references and indexes.
=530  \\$aAlso available electronically.
=540  \\$aBritish Library not licensed to copy$c0$5Uk
=600  00$aFortunatianus,$cBishop of Aquileia,$dactive 4th century$vCongresses.
=600  00$aFortunatianus,$cBishop of Aquileia,$dactive 4th century.$tCommentarii in Evangelia$vCongresses.
=630  00$aBible.$pGospels$xCriticism, interpretation, etc.$xHistory$yEarly church, ca. 30-600$vCongresses.
=700  1\$aDorfbauer, Lukas J.$q(Lukas Julius),$d1981-$eeditor.
=700  1\$aZimmerl-Panagl, Victoria,$eeditor.
=710  2\$aUniversität Salzburg.$bArbeitsgruppe CSEL,$eorganizer,$ehost institution.
=830  \0$aCorpus scriptorum ecclesiasticorum Latinorum.$pExtra seriem.
=852  11$aBritish Library$bHMNTS$cSPHOA$kMSS.$270
=852  41$aBritish Library$bHMNTS$jZF.9.a.11298
=852  41$aBritish Library$bDSC$j3472.131000
=CAT  \\$a5181$b40$c20170712$lBLL01$h1321
=CAT  \\$aBATCH-CLA$b00$c20170713$lBLL01$h0116
=CAT  \\$a11433$b40$c20171012$lBLL01$h1159
=CAT  \\$a11433$b40$c20171012$lBLL01$h1200
=CAT  \\$aBATCH-UPD$b40$c20171012$lBLL01$h1208
=CAT  \\$aBATCH-CLA$b00$c20171013$lBLL01$h0125
=CAT  \\$a11069$b40$c20171016$lBLL01$h1406
=CAT  \\$aBATCH-CLA$b00$c20171017$lBLL01$h0125
=CAT  \\$a12181$b40$c20171019$lBLL01$h1634
=CAT  \\$aBATCH-CLA$b00$c20171020$lBLL01$h0115
=CAT  \\$aBATCH-UPD$b00$c20171022$lBLL01$h2100
=CAT  \\$aBATCH-CLA$b00$c20171023$lBLL01$h0106
=CFI  0\$aBritish Library not licensed to copy$c0$e07-sep-2011$hC$iTX$5Uk
=FIN  \\$aY$d20171012
=LAS  \\$aBATCH-CLA$b00$c20171023$lBLL01$h0106

