=LDR  01448pam a2200421 i 4500
=001  018457945
=003  Uk
=005  20181029094137.0
=008  170627s2017\\\\enkab\\\\b\\\\000|0|eng|d
=FMT  \\$a  BK
=015  \\$aGBB7D4966$2bnb
=016  7\$a018457945$2Uk
=020  \\$a9780008258344 (hbk.) :$c£25.00
=040  \\$aStDuBDS$beng$cStDuBDS$dUk$erda
=042  \\$aukblcatcopy
=082  04$a911.41$223
=100  1\$aParker, Philip,$d1965-$eauthor.
=245  10$aHistory of Britain in maps /$cPhilip Parker.
=264  \1$aBishopbriggs, Glasgow :$bCollins,$c2017.
=300  \\$a256 pages :$billustrations (black and white, and colour), maps (black and white, and colour) ;$c28 cm
=336  \\$atext$2rdacontent
=336  \\$astill image$2rdacontent
=336  \\$acartographic image$2rdacontent
=337  \\$aunmediated$2rdamedia
=338  \\$avolume$2rdacarrier
=504  \\$aIncludes bibliographical references.
=500  \\$aFormerly CIP.$5Uk
=651  \0$aGreat Britain$xHistorical geography$vMaps.
=651  \0$aGreat Britain$xHistory$vMaps.
=852  41$aBritish Library$bMAPS$jMaps.2018.a.74.
=852  41$aBritish Library$bMAPS$kMaps Ref G.2$h(GB) 18
=CAT  \\$aBATCH-CIPN$b00$c20170808$lBLL01$h1700
=CAT  \\$a11237$b40$c20180416$lBLL01$h1325
=CAT  \\$a10883$b40$c20181029$lBLL01$h0941
=EXP  \\$aX$d20180506
=FIN  \\$aY$d20181029
=SRC  \\$aBDZ$bblihback
=LAS  \\$a10883$b40$c20181029$lBLL01$h0941

