=LDR  02117 am a2200481 i 4500
=001  018481053
=003  Uk
=005  20171107095804.0
=008  170825s2017\\\\gw\a\\\\\bc\\|0|0\0|ger\\
=FMT  \\$a  BK
=020  \\$a9783447108584
=020  \\$a3447108584
=040  \\$aUk$beng$cUk$erda
=042  \\$aukblsr
=100  1\$aGries, Helen,$eauthor.
=245  14$aDer Assur-Tempel in Assur :$bdas assyrische Hauptheiligtum im Wandel der Zeit /$cHelen Gries.
=264  \1$aWiesbaden :$bHarrassowitz Verlag,$c2017.
=300  \\$a2 volumes :$billustrations (black and white, and colour) ;$c35 cm +$e2 folded sheets.
=336  \\$atext$2rdacontent
=336  \\$astill image$2rdacontent
=337  \\$aunmediated$2rdamedia
=338  \\$avolume$2rdacarrier
=338  \\$asheet$2rdacarrier
=490  1\$aWissenschaftliche Veröffentlichung der Deutschen Orient-Gesellschaft,$x0342-4464 ;$v149
=490  1\$aAusgrabungen der Deutschen Orient-Gesellschaft in Assur. A, Baudenkmäler aus Assyrischer Zeit ;$vBand 16
=500  \\$aRevision of the author's thesis (doctoral)--Universität München, 2014.
=500  \\$a2 folded plans in pocket attached to inside back cover.
=504  \\$aIncludes bibliographical references.
=505  0\$aT. 1. Text und Katalog -- T. 2. Tafeln.
=650  \0$aTemples$zIraq$zAshur (Extinct city)
=651  \0$aAshur (Extinct city)
=651  \0$aIraq$xAntiquities.
=650  \0$aExcavations (Archaeology)$zIraq$zAshur (Extinct city)
=650  \0$aExcavations (Archaeology)$zIraq$zAshur (Extinct city)$vCatalogs.
=710  2\$aDeutsche Orient-Gesellschaft.
=830  \0$aWissenschaftliche Veröffentlichung der Deutschen Orient-Gesellschaft,$x0342-4464 ;$vHeft 149.
=830  \0$aAusgrabungen der Deutschen Orient-Gesellschaft in Assur.$nA,$pBaudenkmäler aus Assyrischer Zeit ;$v16.
=852  41$aBritish Library$bHMNTS$jAc.8816.g [No.149:2]
=852  41$aBritish Library$bHMNTS$iAc.8816.g [No.149:1]
=CAT  \\$a5181$b40$c20170825$lBLL01$h1255
=CAT  \\$a11069$b40$c20171107$lBLL01$h0958
=FIN  \\$aY$d20171106
=LAS  \\$a11069$b40$c20171107$lBLL01$h0958

