=LDR  01374pam a2200421 i 4500
=001  018493667
=003  Uk
=005  20181105110932.0
=008  170815s2018\\\\enka\\\\\b\\\\001|0|eng|d
=FMT  \\$a  BK
=015  \\$aGBB7F7326$2bnb
=016  7\$a018493667$2Uk
=020  \\$a9780745641614$qhardback$c£45.00
=020  \\$a9780745641621$qpaperback$c£14.99
=020  \\$z9781509523207$qMobi
=020  \\$z9781509523214$qEpub
=040  \\$aStDuBDS$beng$cStDuBDS$dUk$erda
=042  \\$aukblcatcopy
=082  04$a002.09$223
=100  1\$aRaven, James,$d1959-$eauthor.
=245  10$aWhat is the history of the book? /$cJames Raven.
=264  \1$aCambridge :$bPolity Press,$c2018.
=300  \\$aix, 191 pages :$billustrations (black and white) ;$c23 cm.
=336  \\$atext$2rdacontent
=337  \\$aunmediated$2rdamedia
=338  \\$avolume$2rdacarrier
=490  0\$aWhat is history?
=504  \\$aIncludes bibliographical references and index.
=530  \\$aAlso issued online.
=500  \\$aFormerly CIP.$5Uk
=650  \0$aBooks$xHistory.
=852  41$aBritish Library$bHMNTS$jYC.2018.a.14812
=852  11$aBritish Library$bHMNTS$kRAR$h002.09
=CAT  \\$aBATCH-CIPN$b00$c20170905$lBLL01$h1701
=CAT  \\$a11168$b40$c20180419$lBLL01$h0858
=CAT  \\$a8317$b40$c20181105$lBLL01$h1109
=FIN  \\$aY$d20181105
=LAS  \\$a8317$b40$c20181105$lBLL01$h1109

