=LDR  01129 cm a22003373  4500
=001  015060788
=003  Uk
=005  20140321122548.0
=008  071024s1825\\\\fr\||||\\\\\\\\||\||und\\
=FMT  \\$a  MU
=019  m\$aM08100189
=040  \\$aUk$beng$cUk
=082  14$a780$215
=245  00$aMéthode de violon /$cpar MM Baillot, Rode et Kreutzer.
=260  \\$aParis :$bJanet et Cotelle,$c[ca. 1825]
=336  \\$anotated music$2rdacontent
=337  \\$aunmediated$2rdamedia
=338  \\$avolume$2rdacarrier
=700  1\$aBaillot, Pierre Marie François de Sales,$d1771-1842.
=700  1\$aKreutzer, Rodolphe,$d1766-1831.
=700  1\$aRode, P.$q(Pierre),$d1774-1830.
=852  \1$aBritish Library$bDSC$cMUSIC
=852  41$aBritish Library$bDSC$cMUSIC$jFilm Box MUS491
=CAT  \\$aBATCH-UCMN$b00$c20090327$lBLL01$h1936
=CAT  \\$aBATCH$b00$c20090329$lBLL01$h1114
=CAT  \\$a11814$b40$c20111115$lBLL01$h1742
=CAT  \\$a11814$b40$c20140321$lBLL01$h1225
=CAT  \\$aWR15_100$c20150918$lBLL01$h2343
=FIN  \\$aY$d20090327
=SRC  \\$aDSC Music (UCM)$b20090327
=LAS  \\$aWR15_100$b00$c20150918$lBLL01$h2343

