=LDR  17705cas a22037093  4500
=001  015113200
=003  Uk
=005  20120814144052.0
=007  ta
=008  090325c18319999ie\wr\n\\\\\\\0\\\a0eng\\
=FMT  \\$a  SE
=022  1\$a1649-6302
=040  \\$aUk$cUk$dUk
=082  04$a072.9187$222
=222  \0$aLeinster express
=245  04$aThe Leinster express.
=336  \\$atext$2rdacontent
=337  \\$aunmediated$2rdamedia
=338  \\$avolume$2rdacarrier
=500  \\$aFrom 1 Aug. 1868 to 26 April 1873 and from 4 April 1874 to 18 Sept. 1947 published at Naas; from 3 May 1873 to 28 March 1874 at Dublin.
=651  \0$aLaois (Ireland)$vNewspapers.
=651  \0$aPort Laoise (Ireland)$vNewspapers.
=752  \\$aIreland$bCo. Laoighis$dPort Laoighise.$2blnpn
=866  \\$aNewspapers :vol. 1, no. 1 (24 Sept. 1831-31 Dec. 1927; 5 Jan. 1929-29 March 1941; 14 June 1941)- ; Print issues are not available for conservation reasons where an alternative format exists. See separate record for microfilm holdings
=852  41$31851$aBritish Library$bNPL$cIRL$j27 [1851]
=852  41$31852$aBritish Library$bNPL$cIRL$j1 [1852]
=852  41$31853$aBritish Library$bNPL$cIRL$j17 [1853]
=852  41$31854$aBritish Library$bNPL$cIRL$j25 [1854]
=852  41$31855$aBritish Library$bNPL$cIRL$j1 [1855]
=852  41$31856$aBritish Library$bNPL$cIRL$j2 [1856]
=852  41$31857$aBritish Library$bNPL$cIRL$j6 [1857]
=852  41$31858$aBritish Library$bNPL$cIRL$j61 [1858]
=852  41$31859$aBritish Library$bNPL$cIRL$j54 [1859]
=852  41$31860$aBritish Library$bNPL$cIRL$j64 [1860]
=852  41$31861$aBritish Library$bNPL$cIRL$j10 [1861]
=852  41$31862$aBritish Library$bNPL$cIRL$j66 [1862]
=852  41$31863$aBritish Library$bNPL$cIRL$j3 [1863]
=852  41$31864$aBritish Library$bNPL$cIRL$j64 [1864]
=852  41$31865$aBritish Library$bNPL$cIRL$j52 [1865]
=852  41$31866$aBritish Library$bNPL$cIRL$j15 [1866]
=852  41$31867$aBritish Library$bNPL$cIRL$j67 [1867]
=852  41$31868$aBritish Library$bNPL$cIRL$j7 [1868]
=852  41$31869$aBritish Library$bNPL$cIRL$j2 [1869]
=852  41$31870$aBritish Library$bNPL$cIRL$j7 [1870]
=852  41$31871$aBritish Library$bNPL$cIRL$j33 [1871]
=852  41$31872$aBritish Library$bNPL$cIRL$j53 [1872]
=852  41$31873$aBritish Library$bNPL$cIRL$j11 [1873]
=852  41$31874$aBritish Library$bNPL$cIRL$j31 [1874]
=852  41$31875$aBritish Library$bNPL$cIRL$j45 [1875]
=852  41$31876$aBritish Library$bNPL$cIRL$j54 [1876]
=852  41$31877$aBritish Library$bNPL$cIRL$j35 [1877]
=852  41$31878$aBritish Library$bNPL$cIRL$j59 [1878]
=852  41$31879$aBritish Library$bNPL$cIRL$j54 [1879]
=852  41$31880$aBritish Library$bNPL$cIRL$j29 [1880]
=852  41$31882$aBritish Library$bNPL$cIRL$j77 [1882]
=852  41$31883$aBritish Library$bNPL$cIRL$j81 [1883]
=852  41$31884$aBritish Library$bNPL$cIRL$j4 [1884]
=852  41$31885$aBritish Library$bNPL$cIRL$j62 [1885]
=852  41$31886$aBritish Library$bNPL$cIRL$j2 [1886]
=852  41$31887$aBritish Library$bNPL$cIRL$j41 [1887]
=852  41$31888$aBritish Library$bNPL$cIRL$j4 [1888]
=852  41$31889$aBritish Library$bNPL$cIRL$j32 [1889]
=852  41$31890$aBritish Library$bNPL$cIRL$j48 [1890]
=852  41$31891$aBritish Library$bNPL$cIRL$j51 [1891]
=852  41$31892$aBritish Library$bNPL$cIRL$j101 [1892]
=852  41$31893$aBritish Library$bNPL$cIRL$j57 [1893]
=852  41$31894$aBritish Library$bNPL$cIRL$j67 [1894]
=852  41$31895$aBritish Library$bNPL$cIRL$j55 [1895]
=852  41$31896$aBritish Library$bNPL$cIRL$j88 [1896]
=852  41$31851$aBritish Library$bNPL$cIRL$j27 [1851]
=852  41$31852$aBritish Library$bNPL$cIRL$j1 [1852]
=852  41$31853$aBritish Library$bNPL$cIRL$j17 [1853]
=852  41$31854$aBritish Library$bNPL$cIRL$j25 [1854]
=852  41$31855$aBritish Library$bNPL$cIRL$j1 [1855]
=852  41$31856$aBritish Library$bNPL$cIRL$j2 [1856]
=852  41$31857$aBritish Library$bNPL$cIRL$j6 [1857]
=852  41$31858$aBritish Library$bNPL$cIRL$j61 [1858]
=852  41$31859$aBritish Library$bNPL$cIRL$j54 [1859]
=852  41$31860$aBritish Library$bNPL$cIRL$j64 [1860]
=852  41$31861$aBritish Library$bNPL$cIRL$j10 [1861]
=852  41$31862$aBritish Library$bNPL$cIRL$j66 [1862]
=852  41$31863$aBritish Library$bNPL$cIRL$j3 [1863]
=852  41$31864$aBritish Library$bNPL$cIRL$j64 [1864]
=852  41$31865$aBritish Library$bNPL$cIRL$j52 [1865]
=852  41$31866$aBritish Library$bNPL$cIRL$j15 [1866]
=852  41$31867$aBritish Library$bNPL$cIRL$j67 [1867]
=852  41$31868$aBritish Library$bNPL$cIRL$j7 [1868]
=852  41$31869$aBritish Library$bNPL$cIRL$j2 [1869]
=852  41$31870$aBritish Library$bNPL$cIRL$j7 [1870]
=852  41$31871$aBritish Library$bNPL$cIRL$j33 [1871]
=852  41$31872$aBritish Library$bNPL$cIRL$j53 [1872]
=852  41$31873$aBritish Library$bNPL$cIRL$j11 [1873]
=852  41$31874$aBritish Library$bNPL$cIRL$j31 [1874]
=852  41$31875$aBritish Library$bNPL$cIRL$j45 [1875]
=852  41$31876$aBritish Library$bNPL$cIRL$j54 [1876]
=852  41$31877$aBritish Library$bNPL$cIRL$j35 [1877]
=852  41$31878$aBritish Library$bNPL$cIRL$j59 [1878]
=852  41$31879$aBritish Library$bNPL$cIRL$j54 [1879]
=852  41$31880$aBritish Library$bNPL$cIRL$j29 [1880]
=852  41$31882$aBritish Library$bNPL$cIRL$j77 [1882]
=852  41$31883$aBritish Library$bNPL$cIRL$j81 [1883]
=852  41$31884$aBritish Library$bNPL$cIRL$j4 [1884]
=852  41$31885$aBritish Library$bNPL$cIRL$j62 [1885]
=852  41$31886$aBritish Library$bNPL$cIRL$j2 [1886]
=852  41$31887$aBritish Library$bNPL$cIRL$j41 [1887]
=852  41$31888$aBritish Library$bNPL$cIRL$j4 [1888]
=852  41$31889$aBritish Library$bNPL$cIRL$j32 [1889]
=852  41$31890$aBritish Library$bNPL$cIRL$j48 [1890]
=852  41$31891$aBritish Library$bNPL$cIRL$j51 [1891]
=852  41$31892$aBritish Library$bNPL$cIRL$j101 [1892]
=852  41$31893$aBritish Library$bNPL$cIRL$j57 [1893]
=852  41$31894$aBritish Library$bNPL$cIRL$j67 [1894]
=852  41$31895$aBritish Library$bNPL$cIRL$j55 [1895]
=852  41$31896$aBritish Library$bNPL$cIRL$j88 [1896]
=852  41$31851$aBritish Library$bNPL$cIRL$j52 [1851]
=852  41$31852$aBritish Library$bNPL$cIRL$j46 [1852]
=852  41$31861$aBritish Library$bNPL$cIRL$j36 [1861]
=852  41$31862$aBritish Library$bNPL$cIRL$j45 [1862]
=852  41$31863$aBritish Library$bNPL$cIRL$j69 [1863]
=852  41$31864$aBritish Library$bNPL$cIRL$j8 [1864]
=852  41$31865$aBritish Library$bNPL$cIRL$j34 [1865]
=852  41$31923$aBritish Library$bNPL$cIRL$j49 [1923]
=852  41$31860$aBritish Library$bNPL$cIRL$j28 [1860]
=852  \\$aBritish Library$bNPL$cIRL
=852  \\$aBritish Library$bNPL$cIRL
=852  \\$aBritish Library$bNPL$cIRL
=852  \\$aBritish Library$bNPL$cIRL
=852  \\$aBritish Library$bNPL$cIRL
=852  \\$aBritish Library$bNPL$cIRL
=852  41$31851$aBritish Library$bNPL$cIRL$j29 [1851]
=852  41$31852$aBritish Library$bNPL$cIRL$j52 [1852]
=852  41$31853$aBritish Library$bNPL$cIRL$j29 [1853]
=852  41$31854$aBritish Library$bNPL$cIRL$j36 [1854]
=852  41$31855$aBritish Library$bNPL$cIRL$j58 [1855]
=852  41$31856$aBritish Library$bNPL$cIRL$j42 [1856]
=852  41$31857$aBritish Library$bNPL$cIRL$j49 [1857]
=852  41$31858$aBritish Library$bNPL$cIRL$j45 [1858]
=852  41$31859$aBritish Library$bNPL$cIRL$j61 [1859]
=852  41$31863$aBritish Library$bNPL$cIRL$j59 [1863]
=852  41$31861$aBritish Library$bNPL$cIRL$j29 [1861]
=852  41$31862$aBritish Library$bNPL$cIRL$j55 [1862]
=852  41$31864$aBritish Library$bNPL$cIRL$j54 [1864]
=852  41$31865$aBritish Library$bNPL$cIRL$j34 [1865]
=852  41$31866$aBritish Library$bNPL$cIRL$j40 [1866]
=852  41$31867$aBritish Library$bNPL$cIRL$j28 [1867]
=852  41$31868$aBritish Library$bNPL$cIRL$j11 [1868]
=852  41$31869$aBritish Library$bNPL$cIRL$j46 [1869]
=852  41$31870$aBritish Library$bNPL$cIRL$j19 [1870]
=852  41$31871$aBritish Library$bNPL$cIRL$j67 [1871]
=852  41$31872$aBritish Library$bNPL$cIRL$j66 [1872]
=852  41$31873$aBritish Library$bNPL$cIRL$j1 [1873]
=852  41$31879$aBritish Library$bNPL$cIRL$j68 [1879]
=852  41$31880$aBritish Library$bNPL$cIRL$j74 [1880]
=852  41$31881$aBritish Library$bNPL$cIRL$j13 [1881]
=852  41$31882$aBritish Library$bNPL$cIRL$j43 [1882]
=852  41$31883$aBritish Library$bNPL$cIRL$j59 [1883]
=852  41$31884$aBritish Library$bNPL$cIRL$j15 [1884]
=852  41$31886$aBritish Library$bNPL$cIRL$j47 [1886]
=852  41$31888$aBritish Library$bNPL$cIRL$j75 [1888]
=852  41$31889$aBritish Library$bNPL$cIRL$j51 [1889]
=852  41$31891$aBritish Library$bNPL$cIRL$j33 [1891]
=852  41$31892$aBritish Library$bNPL$cIRL$j23 [1892]
=852  41$31893$aBritish Library$bNPL$cIRL$j4 [1893]
=852  41$31894$aBritish Library$bNPL$cIRL$j31 [1894]
=852  41$31895$aBritish Library$bNPL$cIRL$j19 [1895]
=852  41$31896$aBritish Library$bNPL$cIRL$j35 [1896]
=852  41$31876$aBritish Library$bNPL$cIRL$j2 [1876]
=852  41$31877$aBritish Library$bNPL$cIRL$j28 [1877]
=852  41$31878$aBritish Library$bNPL$cIRL$j10 [1878]
=852  41$31879$aBritish Library$bNPL$cIRL$j59 [1879]
=852  41$31880$aBritish Library$bNPL$cIRL$j71 [1880]
=852  41$31881$aBritish Library$bNPL$cIRL$j79 [1881]
=852  41$31882$aBritish Library$bNPL$cIRL$j58 [1882]
=852  41$31883$aBritish Library$bNPL$cIRL$j75 [1883]
=852  41$31884$aBritish Library$bNPL$cIRL$j82 [1884]
=852  41$31885$aBritish Library$bNPL$cIRL$j43 [1885]
=852  41$31886$aBritish Library$bNPL$cIRL$j54A [1886]
=852  41$31887$aBritish Library$bNPL$cIRL$j76 [1887]
=852  41$31888$aBritish Library$bNPL$cIRL$j1 [1888]
=852  41$31889$aBritish Library$bNPL$cIRL$j89 [1889]
=852  41$31890$aBritish Library$bNPL$cIRL$j50 [1890]
=852  41$31891$aBritish Library$bNPL$cIRL$j55 [1891]
=852  41$31892$aBritish Library$bNPL$cIRL$j38 [1892]
=852  41$31893$aBritish Library$bNPL$cIRL$j112 [1893]
=852  41$31894$aBritish Library$bNPL$cIRL$j5 [1894]
=852  41$31895$aBritish Library$bNPL$cIRL$j121 [1895]
=852  41$31896$aBritish Library$bNPL$cIRL$j54 [1896]
=852  41$31851$aBritish Library$bNPL$cIRL$j17 [1851]
=852  41$31852$aBritish Library$bNPL$cIRL$j26 [1852]
=852  41$31853$aBritish Library$bNPL$cIRL$j3 [1853]
=852  41$31854$aBritish Library$bNPL$cIRL$j55 [1854]
=852  41$31855$aBritish Library$bNPL$cIRL$j9 [1855]
=852  41$31856$aBritish Library$bNPL$cIRL$j15 [1856]
=852  41$31857$aBritish Library$bNPL$cIRL$j6 [1857]
=852  41$31858$aBritish Library$bNPL$cIRL$j3 [1858]
=852  41$31859$aBritish Library$bNPL$cIRL$j55 [1859]
=852  41$31860$aBritish Library$bNPL$cIRL$j67 [1860]
=852  41$31861$aBritish Library$bNPL$cIRL$j7 [1861]
=852  41$31862$aBritish Library$bNPL$cIRL$j12 [1862]
=852  41$31863$aBritish Library$bNPL$cIRL$j66 [1863]
=852  41$31864$aBritish Library$bNPL$cIRL$j14 [1864]
=852  41$31865$aBritish Library$bNPL$cIRL$j55 [1865]
=852  41$31866$aBritish Library$bNPL$cIRL$j19 [1866]
=852  41$31867$aBritish Library$bNPL$cIRL$j29 [1867]
=852  41$31868$aBritish Library$bNPL$cIRL$j70 [1868]
=852  41$31869$aBritish Library$bNPL$cIRL$j13 [1869]
=852  41$31870$aBritish Library$bNPL$cIRL$j26 [1870]
=852  41$31872$aBritish Library$bNPL$cIRL$j60 [1872]
=852  41$31873$aBritish Library$bNPL$cIRL$j16 [1873]
=852  41$31874$aBritish Library$bNPL$cIRL$j54 [1874]
=852  41$31875$aBritish Library$bNPL$cIRL$j50 [1875]
=852  41$31876$aBritish Library$bNPL$cIRL$j56 [1876]
=852  41$31877$aBritish Library$bNPL$cIRL$j38 [1877]
=852  41$31878$aBritish Library$bNPL$cIRL$j35 [1878]
=852  41$31879$aBritish Library$bNPL$cIRL$j17 [1879]
=852  41$31880$aBritish Library$bNPL$cIRL$j42 [1880]
=852  41$31882$aBritish Library$bNPL$cIRL$j37 [1882]
=852  41$31883$aBritish Library$bNPL$cIRL$j50 [1883]
=852  41$31884$aBritish Library$bNPL$cIRL$j14 [1884]
=852  41$31886$aBritish Library$bNPL$cIRL$j40 [1886]
=852  41$31887$aBritish Library$bNPL$cIRL$j8 [1887]
=852  41$31888$aBritish Library$bNPL$cIRL$j75A [1888]
=852  41$31889$aBritish Library$bNPL$cIRL$j45 [1889]
=852  41$31890$aBritish Library$bNPL$cIRL$j40 [1890]
=852  41$31891$aBritish Library$bNPL$cIRL$j35 [1891]
=852  41$31892$aBritish Library$bNPL$cIRL$j8 [1892]
=852  41$31893$aBritish Library$bNPL$cIRL$j10 [1893]
=852  41$31895$aBritish Library$bNPL$cIRL$j16 [1895]
=852  41$31896$aBritish Library$bNPL$cIRL$j90 [1896]
=852  41$31891$aBritish Library$bNPL$cIRL$j41 [1891]
=852  41$31892$aBritish Library$bNPL$cIRL$j5 [1892]
=852  41$31891$aBritish Library$bNPL$cIRL$j41 [1891]
=852  41$31892$aBritish Library$bNPL$cIRL$j5 [1892]
=852  41$31851$aBritish Library$bNPL$cIRL$j27 [1851]
=852  41$31852$aBritish Library$bNPL$cIRL$j1 [1852]
=852  41$31853$aBritish Library$bNPL$cIRL$j17 [1853]
=852  41$31854$aBritish Library$bNPL$cIRL$j25 [1854]
=852  41$31855$aBritish Library$bNPL$cIRL$j1 [1855]
=852  41$31856$aBritish Library$bNPL$cIRL$j2 [1856]
=852  41$31857$aBritish Library$bNPL$cIRL$j6 [1857]
=852  41$31858$aBritish Library$bNPL$cIRL$j61 [1858]
=852  41$31859$aBritish Library$bNPL$cIRL$j54 [1859]
=852  41$31860$aBritish Library$bNPL$cIRL$j64 [1860]
=852  41$31861$aBritish Library$bNPL$cIRL$j10 [1861]
=852  41$31862$aBritish Library$bNPL$cIRL$j66 [1862]
=852  41$31863$aBritish Library$bNPL$cIRL$j3 [1863]
=852  41$31864$aBritish Library$bNPL$cIRL$j64 [1864]
=852  41$31865$aBritish Library$bNPL$cIRL$j52 [1865]
=852  41$31866$aBritish Library$bNPL$cIRL$j15 [1866]
=852  41$31867$aBritish Library$bNPL$cIRL$j67 [1867]
=852  41$31868$aBritish Library$bNPL$cIRL$j7 [1868]
=852  41$31869$aBritish Library$bNPL$cIRL$j2 [1869]
=852  41$31870$aBritish Library$bNPL$cIRL$j7 [1870]
=852  41$31871$aBritish Library$bNPL$cIRL$j33 [1871]
=852  41$31872$aBritish Library$bNPL$cIRL$j53 [1872]
=852  41$31873$aBritish Library$bNPL$cIRL$j11 [1873]
=852  41$31874$aBritish Library$bNPL$cIRL$j31 [1874]
=852  41$31875$aBritish Library$bNPL$cIRL$j45 [1875]
=852  41$31876$aBritish Library$bNPL$cIRL$j54 [1876]
=852  41$31877$aBritish Library$bNPL$cIRL$j35 [1877]
=852  41$31878$aBritish Library$bNPL$cIRL$j59 [1878]
=852  41$31879$aBritish Library$bNPL$cIRL$j54 [1879]
=852  41$31880$aBritish Library$bNPL$cIRL$j29 [1880]
=852  41$31882$aBritish Library$bNPL$cIRL$j77 [1882]
=852  41$31883$aBritish Library$bNPL$cIRL$j81 [1883]
=852  41$31884$aBritish Library$bNPL$cIRL$j4 [1884]
=852  41$31885$aBritish Library$bNPL$cIRL$j62 [1885]
=852  41$31886$aBritish Library$bNPL$cIRL$j2 [1886]
=852  41$31887$aBritish Library$bNPL$cIRL$j41 [1887]
=852  41$31888$aBritish Library$bNPL$cIRL$j4 [1888]
=852  41$31889$aBritish Library$bNPL$cIRL$j32 [1889]
=852  41$31890$aBritish Library$bNPL$cIRL$j48 [1890]
=852  41$31891$aBritish Library$bNPL$cIRL$j51 [1891]
=852  41$31892$aBritish Library$bNPL$cIRL$j101 [1892]
=852  41$31893$aBritish Library$bNPL$cIRL$j57 [1893]
=852  41$31894$aBritish Library$bNPL$cIRL$j67 [1894]
=852  41$31895$aBritish Library$bNPL$cIRL$j55 [1895]
=852  41$31896$aBritish Library$bNPL$cIRL$j88 [1896]
=852  41$aBritish Library$bNPL$jNEWS shelfmarks - see explore.bl.uk for full holdings
=852  41$aBritish Library$bHMNTS$zMicroform.$jMFM shelfmarks - see explore.bl.uk for full holdings
=CAT  \\$aBAT-NPL-PR$c20090416$lBLL01$h1343
=CAT  \\$aRESET-LEV$b50$c20210902$lBLL01$h2130
=CAT  \\$aRESET-LEV$b50$c20211002$lBLL01$h1730
=CAT  \\$aRESET-LEV$b50$c20211102$lBLL01$h0308
=CAT  \\$aRESET-LEV$b50$c20211202$lBLL01$h2126
=CAT  \\$aRESET-LEV$b50$c20220103$lBLL01$h0036
=CAT  \\$aRESET-LEV$b50$c20220202$lBLL01$h0141
=CAT  \\$aRESET-LEV$b50$c20220302$lBLL01$h0057
=CAT  \\$aRESET-LEV$b50$c20220402$lBLL01$h1729
=CAT  \\$aRESET-LEV$b50$c20220502$lBLL01$h0244
=CAT  \\$aRESET-LEV$b50$c20220602$lBLL01$h2128
=CAT  \\$aRESET-LEV$b50$c20220702$lBLL01$h1731
=CAT  \\$aRESET-LEV$b50$c20220802$lBLL01$h0355
=CAT  \\$aRESET-LEV$b50$c20220902$lBLL01$h2224
=CAT  \\$aRESET-LEV$b50$c20221003$lBLL01$h0416
=CAT  \\$aRESET-LEV$b50$c20221102$lBLL01$h0235
=CAT  \\$aRESET-LEV$b50$c20221202$lBLL01$h2227
=CAT  \\$aRESET-LEV$b50$c20230102$lBLL01$h0305
=CAT  \\$aRESET-LEV$b50$c20230202$lBLL01$h2130
=CAT  \\$aRESET-LEV$b50$c20230302$lBLL01$h2138
=CAT  \\$aRESET-LEV$b50$c20230403$lBLL01$h0243
=CAT  \\$aRESET-LEV$b50$c20230502$lBLL01$h0326
=CAT  \\$aRESET-LEV$b50$c20230602$lBLL01$h2229
=CAT  \\$aRESET-LEV$b50$c20230703$lBLL01$h0511
=CAT  \\$aRESET-LEV$b50$c20230802$lBLL01$h0212
=CAT  \\$aRESET-LEV$b50$c20230902$lBLL01$h1746
=CAT  \\$aRESET-LEV$b50$c20231002$lBLL01$h0449
=FIN  \\$aY$d20090416
=LKR  \\$aPAR$lBLL01$r776$nLeinster express (Microfilm)$mLeinster express (Print)$b013943652
=NID  \\$aNID0001108
=TCO  \\$aIRL$bICLA$c008
=LAS  \\$aRESET-LEV$b50$c20231002$lBLL01$h0449

