=LDR  02884pam a2200733 a 4500
=001  015176022
=003  Uk
=005  20210514161447.0
=008  090305m20099999ne\b\\\\\b\\\\001\0\eng\d
=FMT  \\$a  BK
=010  \\$a2009009617
=015  \\$aGBA945641$2bnb
=016  7\$a015176022$2Uk
=020  \\$a9789004175532 (v. 1)
=020  \\$a9004175539 (v. 1)
=020  \\$a9789004228597 (v. 2)
=020  \\$a9004228594 (v. 2)
=020  \\$a9789004306356 (v. 3)
=020  \\$a9789004447271 (v. 4 : hardback)
=020  \\$z9789004447271 (v. 4 : e-book)
=040  \\$aStDuBDS$beng$cStDuBDS$dUk
=042  \\$aukblsr
=082  04$a946.004924$222
=245  04$aThe Conversos and Moriscos in late medieval Spain and beyond /$cedited by Kevin Ingram.
=260  \\$aLeiden :$bBrill ;$a[Biggleswade :$bExtenza Turpin, distributor],$c2009-
=300  \\$av. :$bmaps ;$c25 cm.
=336  \\$atext$2rdacontent
=337  \\$aunmediated$2rdamedia
=338  \\$avolume$2rdacarrier
=490  0\$aStudies in medieval and Reformation traditions,$x1573-4188 ;$vv. 141, 160, 197, 225$aConverso and Morisco studies ;$vv. 1-4
=530  \\$aSome vols. also published electronically.
=500  \\$aVol. 3 co-edited by Juan Ignacio Pulido Serrano.
=505  1\$av. 1. Departures and change -- v. 2. The Morisco issue -- v. 3. Displaced persons -- v. 4. Resistance and reform.
=504  \\$aIncludes bibliographical references and index.
=500  \\$aFormerly CIP.$5Uk
=650  \0$aMarranos$zSpain$xHistory.
=650  \0$aMoriscos$zSpain$xHistory.
=650  \0$aConversion$xChristianity$xHistory.
=650  \0$aReligious tolerance$zSpain$xHistory.
=650  \0$aChristianity$zSpain$xHistory.
=650  \0$aNationalism$zSpain$xHistory.
=651  \0$aSpain$xChurch history.
=651  \0$aSpain$xEthnic relations.
=651  \0$aSpain$xHistory$yFerdinand and Isabella, 1479-1516.
=651  \0$aSpain$xHistory$yHouse of Austria, 1516-1700.
=700  1\$aIngram, Kevin$c(Historian),$eeditor.
=700  1\$aPulido Serrano, Juan Ignacio,$eeditor.
=852  41$aBritish Library$bHMNTS$jYD.2015.a.2676$ivol. 3
=852  41$aBritish Library$bHMNTS$ivol. 1
=852  41$aBritish Library$bHMNTS$jYD.2012.a.5419$ivol. 2
=852  41$aBritish Library$bHMNTS$jYD.2021.a.925
=CAT  \\$aBATCH-CIPN$b00$c20090505$lBLL01$h1718
=CAT  \\$aBATCH$b00$c20090505$lBLL01$h1720
=CAT  \\$aBATCH$b00$c20090505$lBLL01$h1727
=CAT  \\$a11070$b40$c20090819$lBLL01$h1124
=CAT  \\$a11070$b40$c20090819$lBLL01$h1125
=CAT  \\$a11250$b40$c20120726$lBLL01$h0933
=CAT  \\$a5194$b40$c20150930$lBLL01$h0817
=CAT  \\$a6098$b40$c20151203$lBLL01$h1234
=CAT  \\$a9665$b40$c20151208$lBLL01$h1424
=CAT  \\$aWR16_021$c20160624$lBLL01$h1818
=CAT  \\$a6989$b40$c20210514$lBLL01$h1614
=FIN  \\$aY$d20090819
=LAS  \\$a6989$b40$c20210514$lBLL01$h1614

