=LDR  01971 am a2200541 a 4500
=001  015177446
=003  Uk
=005  20101022095336.0
=008  090507s2009\\\\enka\\\\\b\\\o000\0\eng\\
=FMT  \\$a  BK
=015  \\$aGBA948492$2bnb
=016  7\$a015177446$2Uk
=040  \\$aUk$beng$cUk
=042  \\$aukblsr
=082  04$a338.941$222
=245  00$aImpact of RDA spending :$bnational report.
=260  \\$a[London] :$bPricewaterhouseCoopers,$c2009.
=300  \\$a2 v. :$bcol. ill. ;$c30 cm.
=336  \\$atext$2rdacontent
=337  \\$aunmediated$2rdamedia
=338  \\$avolume$2rdacarrier
=500  \\$a"Government and public sector."
=500  \\$aTitle from cover.
=505  0\$av. 1. Main report -- v. 2. Regional annexes.
=504  \\$aIncludes bibliographical references.
=690  7\$aManagement and Business Studies$2blcoll
=650  \0$aEconomic development projects$zEngland$xFinance.
=650  \0$aRegional planning$zEngland$xFinance.
=651  \0$aGreat Britain$xEconomic policy$y1997-
=710  1\$aGreat Britain.$bDepartment for Business, Enterprise and Regulatory Reform.
=710  2\$aPricewaterhouseCoopers LLP.
=852  41$aBritish Library$bHMNTS$ivol. 1
=852  41$aBritish Library$bHMNTS$jOPA.2010.x.294$ivol. 2
=852  41$aBritish Library$bDSC$jm09/.21356$ivol. 1
=852  41$aBritish Library$bDSC$jm09/.21358$ivol. 2
=985  \\$aRecord amended for WR# 13/070
=CAT  \\$a12630$b40$c20090507$lBLL01$h1523
=CAT  \\$a11317$b40$c20090513$lBLL01$h1554
=CAT  \\$a11317$b40$c20090514$lBLL01$h0902
=CAT  \\$a11317$b40$c20090514$lBLL01$h0903
=CAT  \\$a6989$b40$c20100222$lBLL01$h1150
=CAT  \\$aBATCH690$c20100715$lBLL01$h2113
=CAT  \\$aBATCH-MBS$c20100716$lBLL01$h2055
=CAT  \\$a6989$b40$c20101022$lBLL01$h0953
=CAT  \\$aWR13_070$b00$c20130504$lBLL01$h0316
=CAT  \\$aWR16_021$c20160624$lBLL01$h1818
=FIN  \\$aY$d20090514
=LAS  \\$aWR16_021$b00$c20160624$lBLL01$h1818

