=LDR  01274 am a22003733  4500
=001  015243270
=003  Uk
=005  20091116155239.0
=008  070722s1895\\\\|||||||\\\\\\o|||\||eng\\
=019  o\$aB05560124
=040  \\$aUk$beng$cUk
=082  0\$a362.6
=110  1\$aGreat Britain.$bRoyal Commission on the Aged Poor.
=245  10$aRoyal Commission on the aged poor. 1893.
=260  \\$a[S.l.] :$bH.M.S.O.,$c1895.
=336  \\$atext$2rdacontent
=337  \\$aunmediated$2rdamedia
=338  \\$avolume$2rdacarrier
=490  0\$aCd. ;$v7684
=490  0\$aCd. ;$v7684ii
=505  0\$av.1. Report. 122p. = C7684 - v.2-3. Minutes of evidence with appendix - viii,1050p. = C7684-I+C7684-II.
=690  7\$aSocial Welfare$2blcoll
=852  41$aBritish Library$bDSC$jOP-Cd.7684$ivol 1
=852  41$aBritish Library$bDSC$jOP-Cd.7684ii$ivol 2
=852  41$aBritish Library$bDSC$ivol 3
=CAT  \\$aBATCH-RETR$b00$c20090515$lBLL01$h1513
=CAT  \\$aBATCH$b00$c20090515$lBLL01$h2102
=CAT  \\$a12179$b40$c20091116$lBLL01$h1552
=CAT  \\$aBATCH$b00$c20110625$lBLL01$h0544
=CAT  \\$aBATCH-SWP4$c20110627$lBLL01$h1628
=FIN  \\$aY$d20090515
=FMT  \\$a  BK
=LAS  \\$aBATCH-SWP4$b00$c20110627$lBLL01$h1628
=SRC  \\$aDSC Official Publications$bopgb.mrc

