=LDR  00899 am a22002893  4500
=001  015256840
=003  Uk
=005  20090518183900.0
=008  070713s1928\\\\ii\||||\\\\\\o|||\||eng\\
=019  o\$aF04520040
=040  \\$aUk$beng$cUk
=110  1\$aPunjab.
=240  10$aLaws statutes etc.
=245  14$aThe Punjab and North-West frontier code Chronological tables, appendix and index. vols 1 and 2.
=250  \\$aFifth edition.
=260  \\$a[S.l.] :$b[s.n.],$c1928.
=336  \\$atext$2rdacontent
=337  \\$aunmediated$2rdamedia
=338  \\$avolume$2rdacarrier
=852  41$aBritish Library$bDSC$jWq4/0576$iVol 1
=852  41$aBritish Library$bDSC$iVol 2
=CAT  \\$aBATCH-RETR$b00$c20090518$lBLL01$h1615
=CAT  \\$aBATCH$b00$c20090518$lBLL01$h1839
=FIN  \\$aY$d20090518
=FMT  \\$a  BK
=LAS  \\$aBATCH$b00$c20090518$lBLL01$h1839
=SRC  \\$aDSC Official Publications$bopfor.mrc

