=LDR  03111cam a2200781 a 4500
=001  015260382
=003  Uk
=005  20221231224105.0
=008  090511s2006\\\\wlka\\\\\\\\\\000\0\eng\c
=FMT  \\$a  BK
=015  \\$aGBB207868$2bnb
=016  7\$a015260382$2Uk
=020  \\$z186169136X (pbk.)
=020  \\$cNo price
=035  \\$a(WlAbNL)vtls004656465
=040  \\$aWlAbNL$beng$cWlAbNL$dUk
=041  1\$aeng$awel
=042  \\$aukscp
=082  04$a577.69909429$223
=245  00$aGlan y môr =$bSeashore.
=246  31$aSeashore
=260  \\$aBangor :$bCyngor Cefn Gwlad Cymru,$c2006.
=300  \\$a24, 24 p. :$bcol. ill. ;$c21 cm.
=336  \\$atext$2rdacontent
=337  \\$aunmediated$2rdamedia
=338  \\$avolume$2rdacarrier
=490  1\$aChwilotwr cefn gwlad = Countryside explorer
=500  \\$aTeitl clawr = Cover title.
=500  \\$aAr waelod y clawr = Cyngor Cefn Gwlad Cymru, Llywodraeth Cynulliad Cymru = Countryside Council for Wales, Welsh Assembly Government.
=546  \\$aTestun Cymraeg/Saesneg tête-bêche = English/Welsh text tête-bêche.
=500  \\$aPublisher's no.: CCC 235.
=540  \\$aCurrent Copyright Fee: GBP25.00$c0$5Uk
=650  \0$aSeashore$zWales.
=650  \0$aSeashore$zWales$vJuvenile literature.
=710  2\$aCountryside Council for Wales.
=710  1\$aWales.$bWelsh Assembly Government.
=830  \0$aCountryside explorer.
=852  41$aBritish Library$bHMNTS$jYK.2012.a.2739
=852  41$aBritish Library$bDSC$h3482.063000$ino. 235 (2006)
=BGT  \\$at
=CAT  \\$a11249$b40$c20090519$lBLL01$h0935
=CAT  \\$a11249$b40$c20090519$lBLL01$h0941
=CAT  \\$a5883$b40$c20120126$lBLL01$h0925
=CAT  \\$aBATCH-CLA$b00$c20130527$lBLL01$h0222
=CAT  \\$aBATCH-CLA$c20131220$lBLL01$h2105
=CAT  \\$aIPL-CLA$c20140101$lBLL01$h0118
=CAT  \\$aWR16_021$c20160624$lBLL01$h1819
=CAT  \\$aBATCH-CLA$b00$c20161222$lBLL01$h1828
=CAT  \\$aIPL-CLA$c20161230$lBLL01$h2331
=CAT  \\$aBATCH-CLA$b00$c20171222$lBLL01$h2158
=CAT  \\$aIPL-CLA$c20171231$lBLL01$h1753
=CAT  \\$aBATCH-CLA$b00$c20191219$lBLL01$h1752
=CAT  \\$aIPL-CLA$c20191231$lBLL01$h2018
=CAT  \\$aR2001-1524$c20200127$lBLL01$h2044
=CAT  \\$aBATCH-CLA$b00$c20201204$lBLL01$h1601
=CAT  \\$aIPL-CLA$c20201231$lBLL01$h2315
=CAT  \\$aBATCH-CLA$b00$c20221221$lBLL01$h1916
=CAT  \\$aIPL-CLA$c20221231$lBLL01$h2241
=CFI  0\$aCurrent Copyright Fee: GBP25.00$c0$e01-jan-2023$fGBP25.00$g0$hA$5Uk
=CFI  2\$aPrevious Copyright Fee: GBP22.50$c0$e01-jan-2021$fGBP22.50$g0$hA$5Uk
=FIN  \\$aY$d20120126
=SRC  \\$aLDL
=ACF  \\$aPrevious copyright fee: GBP12.00$c0$e01-jan-2012$fGBP12.00$g0$hA$5Uk
=ACF  \\$aPrevious Copyright Fee: GBP12.30$c0$e01-jan-2014$fGBP12.30$g0$hA$5Uk
=ACF  \\$aPrevious Copyright Fee: GBP15.00$c0$e01-jan-2017$fGBP15.00$g0$hA$5Uk
=ACF  \\$aPrevious Copyright Fee: GBP17.50$c0$e01-jan-2018$fGBP17.50$g0$hA$5Uk
=ACF  \\$aPrevious Copyright Fee: GBP20.00$c0$e01-jan-2020$fGBP20.00$g0$hA$5Uk
=LAS  \\$aIPL-CLA$b00$c20221231$lBLL01$h2241

