=LDR  01942aam a2200517 a 4500
=001  015286504
=003  Uk
=005  20100520213410.0
=008  090421s2009\\\\oruabf\\\b\\\\001\0\eng\\
=010  \\$a2009016604  
=015  \\$aGBA956785$2bnb
=016  7\$a015286504$2Uk
=020  \\$a9780881929744 (hbk.) :$cNo price
=020  \\$a0881929743 (hbk.) :$cNo price
=040  \\$aStDuBDS$beng$cStDuBDS$dUk
=042  \\$aukblsr
=050  00$aQK494$b.E34 2009
=070  0\$aQK494$b.E25 2009
=082  00$a585$222
=100  1\$aEckenwalder, James E.,$d1949-
=245  10$aConifers of the world :$bthe complete reference /$cJames E. Eckenwalder.
=260  \\$aPortland :$bTimber Press,$c2009.
=300  \\$a720 p., [24] p. of plates :$bill. (some col.), maps ;$c29 cm.
=336  \\$atext$2rdacontent
=337  \\$aunmediated$2rdamedia
=338  \\$avolume$2rdacarrier
=500  \\$aFormerly CIP.$5Uk
=504  \\$aIncludes bibliographical references (p. 662-688) and index.
=505  0\$aConifer classification -- Conifer names -- Conifers in nature and in the garden -- Conifer morphology -- Paleobotany and evolution -- Conifer identification -- Seed plants and conifer families -- Conifer genera and species.
=650  \0$aConifers.
=650  \0$aConifers$vClassification.
=852  41$aBritish Library$bDSC$jm09/.37085
=852  11$aBritish Library$bSTI$k(B)585
=BUF  \\$aN$d20091202
=CAT  \\$aBATCH-CIPN$b00$c20090609$lBLL01$h1700
=CAT  \\$aBATCH$b00$c20090609$lBLL01$h1702
=CAT  \\$aBATCH$b00$c20090609$lBLL01$h1709
=CAT  \\$aBATCH$b00$c20091112$lBLL01$h2040
=CAT  \\$aBATCH$b00$c20091112$lBLL01$h2041
=CAT  \\$a5512$b40$c20091202$lBLL01$h1131
=CAT  \\$aBATCH-BUOC$b00$c20100520$lBLL01$h2133
=CAT  \\$aBATCH$b00$c20100520$lBLL01$h2134
=CAT  \\$aWR16_021$c20160624$lBLL01$h1822
=FIN  \\$aY$d20091202
=FMT  \\$a  BK
=LAS  \\$aWR16_021$b00$c20160624$lBLL01$h1822

