=LDR  01509cam a2200409 a 4500
=001  015287946
=003  Uk
=005  20090616085730.0
=008  070627s1917\\\\enkab\\\\\\\\\000\0\eng\\
=FMT  \\$a  BK
=035  \\$a(StSaUL)b15800052
=038  \\$aUkLCURL
=040  \\$aStSaUL$beng$cUtOrBLW$dUk
=110  2\$aBritish Red Cross Society.
=245  14$aThe county branches :$btheir organisation and work during the first months of the war, with an introductory historical sketch by the Editor /$cedited by A.K. Loyd.
=260  \\$aLondon :$bBritish Red Cross Society,$c1917.
=300  \\$a2 v. :$bill., 1 col. map ;$c33 cm.
=336  \\$atext$2rdacontent
=337  \\$aunmediated$2rdamedia
=338  \\$avolume$2rdacarrier
=610  20$aBritish Red Cross Society$xHistory.
=650  \0$aWorld War, 1914-1918$xMedical care$zGreat Britain.
=650  \0$aWorld War, 1914-1918$xHospitals$zGreat Britain.
=650  \0$aWorld War, 1914-1918$xWar work$zGreat Britain.
=700  1\$aLloyd, A. K.
=852  41$aBritish Library$bDSC$jWf2/4989$ivol. 1
=852  41$aBritish Library$bHMNTS$ivol. 1
=CAT  \\$a5512$b40$c20090610$lBLL01$h1201
=CAT  \\$a11250$b40$c20090615$lBLL01$h1616
=CAT  \\$a11250$b40$c20090615$lBLL01$h1629
=CAT  \\$a11250$b40$c20090616$lBLL01$h0857
=CAT  \\$aW2308-1659$c20230923$lBLL01$h1020
=FIN  \\$aY$d20090615
=LEO  \\$aMP34.0000236463
=SID  \\$aZ39$bCURL
=SRC  \\$aUCB01$bbibmp34.200404.2.aa
=LAS  \\$aW2308-1659$b00$c20230923$lBLL01$h1020

