=LDR  01491 am a2200433 a 4500
=001  015291087
=003  Uk
=005  20100817144427.0
=008  090116s2008\\\\enka\\\\\\\\\\001\0\eng\\
=015  \\$aGBB097668$2bnb
=016  7\$a015291087$2Uk
=020  \\$a9781847106629 (Pocket notes : spiral)
=040  \\$aUk$beng$cUk
=042  \\$aukblsr
=082  04$a657.076$222
=245  00$aCAT, 2008/09.$nPaper 3 Int,$pMaintaining financial records.
=260  \\$aWokingham :$bKaplan Publishing,$c2008.
=300  \\$a3 v. :$bill. (some col.) ;$c15-30 cm.
=336  \\$atext$2rdacontent
=337  \\$aunmediated$2rdamedia
=338  \\$avolume$2rdacarrier
=500  \\$aIncludes indexes.
=505  0\$aExam kit -- Pocket notes -- Study text.
=650  \0$aAccounting$vExaminations, questions, etc.
=650  \0$aAccounting$vProblems, exercises, etc.
=650  \0$aAccounting$xExaminations$vStudy guides.
=690  7\$aManagement and Business Studies$2blcoll
=852  41$aBritish Library$bHMNTS$jYK.2011.a.642
=852  41$aBritish Library$bHMNTS$iStudy text
=CAT  \\$a12664$b40$c20090616$lBLL01$h1558
=CAT  \\$a10746$b40$c20100817$lBLL01$h1421
=CAT  \\$a10746$b40$c20100817$lBLL01$h1424
=CAT  \\$a10746$b40$c20100817$lBLL01$h1437
=CAT  \\$a10746$b40$c20100817$lBLL01$h1444
=CAT  \\$aBATCH-MBS$c20110114$lBLL01$h2046
=CAT  \\$aWR16_021$c20160624$lBLL01$h1823
=FIN  \\$aY$d20100817
=FMT  \\$a  BK
=LAS  \\$aWR16_021$b00$c20160624$lBLL01$h1823

