=LDR  02422caa a22006137i 4500
=001  016447864
=003  Uk
=005  20230302181759.0
=008  130709s2013\\\\enk\\\\\\\\\\\100\0\eng\\
=FMT  \\$a  BK
=040  \\$aUk$beng$cUk$erda
=CNF  \\$aInternational Biomedical Laboratory Science day$d(2013 Apr)
=245  00$aEthical practice, a role in routine pathology.
=264  \1$aLondon :$bInstitute of Biomedical Science,$c[2013]
=300  \\$aPage 394
=336  \\$atext$2rdacontent
=337  \\$aunmediated$2rdamedia
=338  \\$avolume$2rdacarrier
=591  \\$aReport.
=540  \\$aCurrent Copyright Fee: GBP25.00$c0$5Uk
=653  1\$aBiomedical laboratory science
=653  1\$aLaboratory science
=653  2\$aEthical practice
=653  1\$aRoutine pathology
=653  1\$aPathology
=653  2\$aIBS
=710  2\$aInstitute of biomedical Science.
=773  0\$tBiomedical scientist$gv. 57, no. 7 (July 2013)
=852  41$aBritish Library$bHMNTS$jAc.3820.fb/7
=852  41$aBritish Library$bHMNTS$xNPL
=852  41$aBritish Library$bDSC$j2087.880150
=945  \\$aBiomedical scientist, ISSN 1352-7673 ; vol 57 no 7 2013
=CAT  \\$a10997$b40$c20130709$lBLL01$h1219
=CAT  \\$aBATCH-CLA$b00$c20130810$lBLL01$h0034
=CAT  \\$aBATCH-CLA$b00$c20131202$lBLL01$h0341
=CAT  \\$aIPL-CLA$c20140101$lBLL01$h0213
=CAT  \\$aBATCH-CLA$b00$c20161221$lBLL01$h2031
=CAT  \\$aIPL-CLA$c20161231$lBLL01$h0012
=CAT  \\$aBATCH-CLA$b00$c20171221$lBLL01$h1321
=CAT  \\$aIPL-CLA$c20171231$lBLL01$h1819
=CAT  \\$aBATCH-CLA$b00$c20200218$lBLL01$h0435
=CAT  \\$aBATCH-CLA$b00$c20201203$lBLL01$h1417
=CAT  \\$aIPL-CLA$c20201231$lBLL01$h2337
=CAT  \\$aBATCH-CLA$b00$c20221206$lBLL01$h1801
=CAT  \\$aIPL-CLA$c20221231$lBLL01$h2323
=CAT  \\$aBATCH-CLA$b00$c20230302$lBLL01$h1817
=CFI  0\$aCurrent Copyright Fee: GBP25.00$c0$e09-feb-2023$fGBP25.00$g0$hC$5Uk
=FIN  \\$aY$d20130709
=LKR  \\$aANA$b012488835$lBLL01$nBiomedical scientist$mEthical practice, a role in routine pathology$r773$y2013$v57$i7
=TCO  \\$aCLA$bCLA$c008
=ACF  \\$aPrevious Copyright Fee: GBP12.00$c0$e01-oct-2012$fGBP12.00$g0$hC$5Uk
=ACF  \\$aPrevious Copyright Fee: GBP12.30$c0$e01-jan-2014$fGBP12.30$g0$hC$5Uk
=ACF  \\$aPrevious Copyright Fee: GBP20.00$c0$e01-jan-2020$fGBP20.00$g0$hC$5Uk
=LAS  \\$aBATCH-CLA$b00$c20230302$lBLL01$h1817

