=LDR  03050 am a2200709 i 4500
=001  016484580
=003  Uk
=005  20140108113444.0
=008  130829s2009\\\\enka\\\\\\\\\|0|1\0|eng\\
=FMT  \\$a  BK
=015  \\$aGBB397989$2bnb
=016  7\$a016484580$2Uk
=020  \\$a9781848831445 (stage 1 : spiral)
=020  \\$a9781848831452 (stage 2 : spiral)
=020  \\$a9781848831469 (stage 3 : spiral)
=020  \\$a9781848831476 (stage 4 : spiral)
=020  \\$a9781848831483 (stage 5 : spiral)
=020  \\$a9781848831490 (stage 6 : spiral)
=020  \\$a9781848831506 (stage 7 : spiral)
=020  \\$a9781848831513 (stage 8 : spiral)
=020  \\$a9781848831520 (stage 9 : spiral)
=020  \\$a9781848831537 (stage 10 : spiral)
=020  \\$a9781848831544 (stage 11 : spiral)
=020  \\$a9781848831551 (stage 12 : spiral)
=040  \\$aUk$beng$cUk$erda
=041  0\$aeng$afre
=042  \\$aukblsr
=082  04$a428.2441$223
=245  00$aCallan method.$pTeach-each-other English for French students.
=250  \\$a[International edition].
=264  \1$aGrantchester, Cambridge :$bOrchard Publishing Ltd. in association with Callan Method Organisation Ltd. and the Callan School,$c2009.
=300  \\$a12 volumes (1405 pages) :$billustrations (black and white, and colour) ;$c21 cm +$e23 audio CDs
=336  \\$atext$2rdacontent
=336  \\$aspoken word$2rdacontent
=337  \\$aunmediated$2rdamedia
=337  \\$aaudio$2rdamedia
=338  \\$avolume$2rdacarrier
=338  \\$aaudio disc$2rdacarrier
=500  \\$aTitle from cover.
=500  \\$a"The Callan™ Method was first developed and published in 1960. It was then published [second edition], for restricted use only, in 1963. This edition was published, for the international market, in 2009"--T.p. verso.
=546  \\$aIn English with some French text.
=500  \\$aIncludes indexes.
=650  \0$aEnglish language$vTextbooks for foreign speakers$xFrench.
=650  \0$aEnglish language$xStudy and teaching$xFrench speakers.
=852  41$aBritish Library$bHMNTS$jEMC.2013.a.463$istage 7
=852  41$aBritish Library$bHMNTS$jEMC.2013.a.467$istage 12
=852  41$aBritish Library$bHMNTS$jEMC.2013.a.464$istage 8
=852  41$aBritish Library$bHMNTS$jEMC.2013.a.465$istage 9
=852  41$aBritish Library$bHMNTS$jEMC.2013.a.466$istage 11
=852  41$aBritish Library$bHMNTS$istage 10
=852  41$aBritish Library$bHMNTS$jEMC.2013.a.462$istage 6
=852  41$aBritish Library$bHMNTS$jEMC.2013.a.457$istage 1
=852  41$aBritish Library$bHMNTS$jEMC.2013.a.458$istage 2
=852  41$aBritish Library$bHMNTS$jEMC.2013.a.459$istage 3
=852  41$aBritish Library$bHMNTS$jEMC.2013.a.461$istage 5
=852  41$aBritish Library$bHMNTS$jEMC.2013.a.460$istage 4
=CAT  \\$a11168$b40$c20130829$lBLL01$h1141
=CAT  \\$a6989$b40$c20131028$lBLL01$h0929
=CAT  \\$a6989$b40$c20140108$lBLL01$h1134
=CAT  \\$aWR16_021$c20160709$lBLL01$h1810
=FIN  \\$aY$d20131028
=LAS  \\$aWR16_021$b00$c20160709$lBLL01$h1810

