=LDR  02006pam a2200529 i 4500
=001  016499175
=003  Uk
=005  20140527155204.0
=008  130715s2014\\\\enka\\\\\b\\\\001\0\eng|d
=FMT  \\$a  BK
=015  \\$aGBB384670$2bnb
=016  7\$a016499175$2Uk
=020  \\$a9781107012011 (v. 1 : hardback) :$c£95.00
=020  \\$a9781107012028 (v. 2 : hardback) :$c£95.00
=040  \\$aStDuBDS$beng$cStDuBDS$dUk$erda
=042  \\$aukblsr
=082  04$a658.155$223
=245  00$aHandbook of financial data and risk information /$cedited by Margarita S. Brose, Mark D. Flood, Dilip Krishna and Bill Nichols.
=264  \1$aCambridge :$bCambridge University Press,$c2014.
=300  \\$a2 volumes :$billustrations (colour) ;$c25 cm
=336  \\$atext$2rdacontent
=337  \\$aunmediated$2rdamedia
=338  \\$avolume$2rdacarrier
=500  \\$aFormerly CIP.$5Uk
=504  \\$aIncludes bibliographical references and indexes.
=505  0\$av. 1. Principles and context -- v. 2. Software and data.
=650  \0$aFinancial risk management.
=650  \0$aInformation resources management.
=650  \0$aFinancial institutions$xData processing.
=690  7\$aManagement and Business Studies$2blcoll
=700  1\$aBrose, Margarita S.,$eeditor.
=700  1\$aFlood, Mark D.,$eeditor.
=700  1\$aKrishna, Dilip,$eeditor.
=700  1\$aNichols, Bill,$d1958-$eeditor.
=852  41$aBritish Library$bHMNTS$jSPIS658.155
=852  41$aBritish Library$bHMNTS$iSPIS658.155
=916  \\$a700=NEW$a700/1=NEW$a700/2=NEW$a700/3=NEW
=CAT  \\$aBATCH-CIPN$b00$c20130917$lBLL01$h1701
=CAT  \\$a9592$b40$c20140225$lBLL01$h1435
=CAT  \\$a11070$b40$c20140226$lBLL01$h1718
=CAT  \\$a11070$b40$c20140227$lBLL01$h0859
=CAT  \\$a11070$b40$c20140527$lBLL01$h1550
=CAT  \\$a11070$b40$c20140527$lBLL01$h1552
=CAT  \\$aBATCH-MBS$c20140606$lBLL01$h2140
=CAT  \\$aWR16_021$c20160709$lBLL01$h1813
=FIN  \\$aY$d20140226
=LAS  \\$aWR16_021$b00$c20160709$lBLL01$h1813

