=LDR  02700 am a2200625 i 4500
=001  016542750
=003  Uk
=005  20141120091120.0
=008  131113m20132014xxua\\\\\\\\\|0|0\0|eng\\
=FMT  \\$a  BK
=015  \\$aGBB461056$2bnb
=016  7\$a016542750$2Uk
=020  \\$a9781601255532 (pt. 1 : paperback)
=020  \\$a9781601255686 (pt. 2 : paperback)
=020  \\$a9781601255778 (pt. 3 : paperback) :$c£16.99
=020  \\$a9781601255853 (pt. 4 : paperback) :$c£16.99
=020  \\$a9781601255860 (pt. 5 : paperback) :$c£16.99
=020  \\$a9781601255877 (pt. 6 : paperback) :$c£16.99
=040  \\$aUk$beng$cUk$erda
=042  \\$aukblsr
=082  04$a793.93$223
=245  00$aWrath of the righteous.
=264  \1$aRedmon, WA :$bPaizo Publishing, LLC,$c[2013-2014]
=300  \\$a6 volumes :$billustrations (black and white, and colour) ;$c28 cm.
=336  \\$atext$2rdacontent
=337  \\$aunmediated$2rdamedia
=338  \\$avolume$2rdacarrier
=490  0\$aPathfinder adventure path ;$v73-78
=505  0\$apt. 1. The worldwound incursion / by Amber E. Scott -- pt. 2. Sword of valor / by James Jacobs -- pt. 3. Demon's heresy / by Jim Groves -- pt. 4. The midnight isles / by James Jacobs, Greg A. Vaughan -- pt. 5. Herald of the ivory labyrinth / by Wolfgang Baur -- pt. 6. City of locusts / by Richard Pett.
=650  \0$aPathfinder (Game)
=700  12$aScott, Amber.$tWorldwound incursion.
=700  12$aGroves, Jim$c(Writer on fantasy games).$tDemon's heresy.
=700  12$aJacobs, James,$d1972-$tSword of valor.
=700  12$aJacobs, James,$d1972-$tMidnight isles.
=700  12$aBaur, Wolfgang$c(Writer on fantasy games).$tHerald of the ivory labyrinth.
=700  12$aPett, Richard.$tCity of locusts.
=700  1\$aVaughan, Greg A.
=852  41$aBritish Library$bHMNTS$jYK.2014.b.7704$ipt. 2
=852  41$aBritish Library$bHMNTS$jYK.2014.b.7915$ipt. 3
=852  41$aBritish Library$bHMNTS$jYKL.2014.b.875$ipt. 4
=852  41$aBritish Library$bHMNTS$jYKL.2014.b.1347$ipt. 6
=852  41$aBritish Library$bHMNTS$jYKL.2014.b.1346
=852  41$aBritish Library$bHMNTS$jYK.2014.b.6494$ipt. 1
=852  41$aBritish Library$bHMNTS$ipt. 5
=CAT  \\$a11012$b40$c20131113$lBLL01$h0933
=CAT  \\$a11250$b40$c20140616$lBLL01$h1134
=CAT  \\$a11250$b40$c20140813$lBLL01$h1405
=CAT  \\$a11250$b40$c20141118$lBLL01$h1534
=CAT  \\$a11250$b40$c20141118$lBLL01$h1535
=CAT  \\$a11250$b40$c20141119$lBLL01$h0838
=CAT  \\$a11250$b40$c20141120$lBLL01$h0911
=CAT  \\$aWR16_021$c20160709$lBLL01$h1821
=CAT  \\$aBATCH-UPD$b00$c20180531$lBLL01$h1611
=FIN  \\$aY$d20140616
=LAS  \\$aBATCH-UPD$b00$c20180531$lBLL01$h1611

