=LDR  01729 am a2200481 i 4500
=001  016544018
=003  Uk
=005  20140806110156.0
=008  130920s2013\\\\enk\\\\\|be\\|0|1\0|eng\d
=FMT  \\$a  BK
=015  \\$aGBB483248$2bnb
=016  7\$a016544018$2Uk
=020  \\$a9780521196277 (set : hardback)
=020  \\$a9780521196178 (v. 1 : hardback)
=020  \\$a9780521196246 (v. 2 : hardback)
=020  \\$a9781107027640 (v. 3 : hardback)
=040  \\$aStEdALDL$beng$cStEdALDL$dUk$erda
=042  \\$aukblsr
=082  04$a340.115$223
=245  00$aEncyclopedia of transitional justice /$cedited by Lavinia Stan, St. Francis Xavier University, Nadya Nedelsky, Macalester College.
=264  \1$aCambridge :$bCambridge University Press,$c2013.
=300  \\$a3 volumes ;$c27 cm
=336  \\$atext$2rdacontent
=337  \\$aunmediated$2rdamedia
=338  \\$avolume$2rdacarrier
=504  \\$aIncludes bibliographical references and index.
=650  \0$aTransitional justice.
=650  \0$aPolitical crimes and offenses.
=700  1\$aStan, Lavinia,$eeditor.
=700  1\$aNedelsky, Nadya,$eeditor.
=852  11$aBritish Library$bHMNTS$cSPHOA$hOPL$i340.5044
=852  41$aBritish Library$bHMNTS$jYC.2014.b.1634$ivol. 2
=852  41$aBritish Library$bHMNTS$jYC.2014.b.1635$ivol. 3
=852  41$aBritish Library$bHMNTS$jYC.2014.b.1633$ivol. 1
=CAT  \\$aBATCH-ALDL$b00$c20131114$lBLL01$h2323
=CAT  \\$a6524$b40$c20140805$lBLL01$h1134
=CAT  \\$a11250$b40$c20140806$lBLL01$h1101
=CAT  \\$aWR16_021$c20160709$lBLL01$h1821
=CAT  \\$aBATCH-UPD$b00$c20160709$lBLL01$h2045
=FIN  \\$aY$d20140806
=LDO  \\$d1/3098904
=SRC  \\$aALDL
=LAS  \\$aBATCH-UPD$b00$c20160709$lBLL01$h2045

