=LDR  03767cam a2200769 i 4500
=001  016559916
=003  Uk
=005  20221231232548.0
=008  150429t20152015gw\a\\\\\b\\\\001\0\eng\\
=FMT  \\$a  BK
=010  \\$a2015012952  
=015  \\$aGBB3B1512$2bnb
=016  7\$a016559916$2Uk
=020  \\$a9783110316926 (hbk.)
=020  \\$z9783110317008 (PDF)
=020  \\$z9783110396164 (EPUB)
=040  \\$aStDuBDS$beng$cStDuBDS$dUk$erda
=042  \\$aukblsr
=050  00$aZ666.73.L56$bL55 2015
=082  00$a025.0427$223
=245  00$aLinked data and user interaction :$bthe road ahead /$cEdited on behalf of IFLA by H. Frank Cervone and Lars G. Svensson.
=264  \1$aBerlin ;$aBoston :$bDe Gruyter Saur,$c[2015].
=264  \4$c©2015.
=300  \\$a121 pages :$billustrations ;$c24 cm.
=336  \\$atext$2rdacontent
=337  \\$aunmediated$2rdamedia
=338  \\$avolume$2rdacarrier
=490  0\$aIFLA publications,$x0344-6891 ;$vVolume 162
=500  \\$aFormerly CIP.$5Uk
=500  \\$aCIP VERIFIER: Please return to C. Pierce, USPRLL/Literature Section (IFLA)
=504  \\$aIncludes bibliographical references and index.
=505  0\$aLinked data and user interaction : an introduction / H. Frank Cervone -- Linked data beyond libraries : towards universal interfaces and knowledge unification / Paola Di Maio -- Following the user's flow in the Digital Pompidou / Emmanuelle Bermès -- Customized OPACs on the Semantic Web : the OpenCat prototype / Patrick Le Boeuf -- Using linked library data in working research notes / Ryan Shaw, Patrick Golden and Michael Buckland -- Semantically guided, situation-aware literature research / Timm Heuss, Bernhard Humm, Tilman Deuschel, Torsten Fröhlich, Thomas Herth and Oliver Mitesser -- Building interfaces on a networked graph / Niklas Lindström and Martin Malmsten -- Griffith Research Hub / Natasha Simons, Arve Solland and Jan Hettenhausen.
=540  \\$aCurrent Copyright Fee: GBP25.00$c0$5Uk
=650  \0$aLinked data.
=650  \0$aSemantic Web.
=650  \0$aUser interfaces (Computer systems)
=700  1\$aCervone, H. Frank,$eeditor.
=700  1\$aSvensson, Lars G.,$d1966-$eeditor.
=852  41$aBritish Library$bDSC$j4363.315500
=852  41$aBritish Library$bHMNTS$j2714.abc.38
=852  11$aBritish Library$bHMNTS$cSPHOA$kHUR.025.042
=BUF  \\$aN$d20150702
=CAT  \\$aBATCH-CIPN$b00$c20131203$lBLL01$h1702
=CAT  \\$a8411$b40$c20150702$lBLL01$h1644
=CAT  \\$aBATCH-CLA$b00$c20150703$lBLL01$h0618
=CAT  \\$aBATCH-BUOC$b00$c20150827$lBLL01$h2122
=CAT  \\$aWR16_021$c20160709$lBLL01$h1824
=CAT  \\$aBATCH-CLA$b00$c20161222$lBLL01$h1837
=CAT  \\$aIPL-CLA$c20161231$lBLL01$h0014
=CAT  \\$aBATCH-CLA$b00$c20171222$lBLL01$h2215
=CAT  \\$aIPL-CLA$c20171231$lBLL01$h1822
=CAT  \\$aBATCH-CLA$b00$c20191219$lBLL01$h1800
=CAT  \\$aIPL-CLA$c20191231$lBLL01$h2036
=CAT  \\$aR2001-1524$c20200127$lBLL01$h2101
=CAT  \\$aBATCH-CLA$b00$c20201204$lBLL01$h1611
=CAT  \\$aIPL-CLA$c20201231$lBLL01$h2339
=CAT  \\$a8411$b40$c20220902$lBLL01$h1155
=CAT  \\$aBATCH-CLA$b00$c20220903$lBLL01$h0106
=CAT  \\$aBATCH-CLA$b00$c20221221$lBLL01$h1928
=CAT  \\$aIPL-CLA$c20221231$lBLL01$h2325
=CFI  0\$aCurrent Copyright Fee: GBP25.00$c0$e01-jan-2023$fGBP25.00$g0$hA$5Uk
=CFI  2\$aPrevious Copyright Fee: GBP22.50$c0$e01-jan-2021$fGBP22.50$g0$hA$5Uk
=FIN  \\$aY$d20150702
=ACF  \\$aPrevious Copyright Fee: GBP12.30$c0$e01-jan-2014$fGBP12.30$g0$hA$5Uk
=ACF  \\$aPrevious Copyright Fee: GBP15.00$c0$e01-jan-2017$fGBP15.00$g0$hA$5Uk
=ACF  \\$aPrevious Copyright Fee: GBP17.50$c0$e01-jan-2018$fGBP17.50$g0$hA$5Uk
=LAS  \\$aIPL-CLA$b00$c20221231$lBLL01$h2325

