=LDR  01325pam a2200397 i 4500
=001  016642939
=003  Uk
=005  20140717143903.0
=008  140120s2014\\\\enka\\\\\\\\\\000\0\eng|d
=FMT  \\$a  BK
=015  \\$aGBB424191$2bnb
=016  7\$a016642939$2Uk
=020  \\$a9780500239162 (hbk.) :$c£29.95
=040  \\$aStDuBDS$beng$cStDuBDS$dUk$erda
=042  \\$aukblcatcopy
=082  04$a701.08$223
=100  1\$aBrown, Andrew$c(Commissioning editor),$eauthor.
=245  10$aArt & ecology now /$cAndrew Brown.
=264  \1$aLondon :$bThames & Hudson,$c2014.
=300  \\$a255 pages :$billustrations (black and white, and colour) ;$c27 cm
=336  \\$atext$2rdacontent
=336  \\$astill image$2rdacontent
=337  \\$aunmediated$2rdamedia
=338  \\$avolume$2rdacarrier
=500  \\$aFormerly CIP.$5Uk
=650  \0$aEcology in art.
=650  \0$aArt$xEnvironmental aspects.
=852  41$aBritish Library$bHMNTS$jYK.2014.b.7333
=852  11$aBritish Library$bHMNTS$cSPHOA$hHLR$i701.08
=CAT  \\$aBATCH-CIPN$b00$c20140304$lBLL01$h1701
=CAT  \\$a5703$b40$c20140717$lBLL01$h1002
=CAT  \\$a8962$b40$c20140717$lBLL01$h1439
=CAT  \\$aWR16_021$c20160714$lBLL01$h1803
=CAT  \\$aBATCH-UPD$b00$c20160714$lBLL01$h1813
=FIN  \\$aY$d20140717
=LAS  \\$aBATCH-UPD$b00$c20160714$lBLL01$h1813

