=LDR  02128caa a22005177i 4500
=001  016737871
=003  Uk
=005  20230302181918.0
=008  140610s2014\\\\enk\\\\\\\\\\\100\0\eng\\
=FMT  \\$a  BK
=040  \\$aUk$beng$cUk$erda
=CNF  \\$aBiomarkers and clinical research (International conference)$n(5th :$d2014 Apr :$cOxford)
=245  00$aBiomarkers and clinical research :$bviews from the fifth international conference.
=264  \1$aTunbridge Wells :$bStep Publishing Ltd.,$c[2014]
=300  \\$aPages 311-313
=336  \\$atext$2rdacontent
=337  \\$aunmediated$2rdamedia
=338  \\$avolume$2rdacarrier
=591  \\$aReport.
=540  \\$aCurrent Copyright Fee: GBP25.00$c0$5Uk
=653  1\$aBiomarkers
=773  0\$tBiomedical scientist$gv. 58, no. 6 (June 2014)
=852  41$aBritish Library$bHMNTS$jAc.3820.fb/7
=852  41$aBritish Library$bHMNTS$xNPL
=852  41$aBritish Library$bDSC$j2087.880150
=945  \\$aBiomedical scientist, ISSN 1352-7673 ; vol 58 no 6 2014
=CAT  \\$a6162$b40$c20140610$lBLL01$h0914
=CAT  \\$aBATCH-CLA$b00$c20140611$lBLL01$h0338
=CAT  \\$aBATCH-CLA$b00$c20140701$lBLL01$h0040
=CAT  \\$aBATCH-CLA$b00$c20161221$lBLL01$h2031
=CAT  \\$aIPL-CLA$c20161231$lBLL01$h0017
=CAT  \\$aBATCH-CLA$b00$c20171221$lBLL01$h1321
=CAT  \\$aIPL-CLA$c20171231$lBLL01$h1824
=CAT  \\$aBATCH-CLA$b00$c20200218$lBLL01$h0435
=CAT  \\$aBATCH-CLA$b00$c20201203$lBLL01$h1417
=CAT  \\$aIPL-CLA$c20201231$lBLL01$h2341
=CAT  \\$aBATCH-CLA$b00$c20221206$lBLL01$h1801
=CAT  \\$aIPL-CLA$c20221231$lBLL01$h2328
=CAT  \\$aBATCH-CLA$b00$c20230302$lBLL01$h1819
=CFI  0\$aCurrent Copyright Fee: GBP25.00$c0$e09-feb-2023$fGBP25.00$g0$hC$5Uk
=FIN  \\$aY$d20140610
=LKR  \\$aANA$b012488835$lBLL01$nBiomedical scientist$mBiomarkers and clinical research$r773$y2014$v58$i6
=TCO  \\$aCLA$bCLA$c008
=ACF  \\$aPrevious Copyright Fee: GBP12.30$c0$e01-jan-2014$fGBP12.30$g0$hC$5Uk
=ACF  \\$aPrevious Copyright Fee: GBP20.00$c0$e01-jan-2020$fGBP20.00$g0$hC$5Uk
=LAS  \\$aBATCH-CLA$b00$c20230302$lBLL01$h1819

