=LDR  03669 cm a2200709 i 4500
=001  016745318
=003  Uk
=005  20140703141104.0
=008  140620t20142011enksgb\\\\\\\\\n\\\\rus\\
=FMT  \\$a  MU
=016  \\$a016745318
=020  \\$a9781784540005
=024  2\$a9790060129131
=028  22$a19309$bBoosey & Hawkes
=028  32$aHPS 1524$bBoosey & Hawkes
=040  \\$aUk$beng$cUk$erda
=041  1\$arus$aeng$hrus
=042  \\$aukblsr
=082  04$a783.242$223
=100  1\$aRachmaninoff, Sergei,$d1873-1943,$ecomposer.
=240  10$aSongs.$kSelections;$oarranged
=245  10$aSongs /$cSerge Rachmaninoff ; arranged by Vladimir Jurowski for voice & orchestra.
=264  \1$aLondon :$bBoosey & Hawkes,$c2014.
=264  \4$c©2011
=300  \\$a1 study score (67 pages) ;$c30 cm.
=336  \\$anotated music$2rdacontent
=337  \\$aunmediated$2rdamedia
=338  \\$avolume$2rdacarrier
=490  1\$aHPS ;$v1524
=500  \\$aOriginally for voice and piano.
=546  \\$aRussian and English words.
=546  \\$bStaff notation.
=500  \\$aDuration: 28 min.
=505  0\$aKhristos voskres = Christ is risen, op 26 no 6 -- Son = Dreams, op 38 no 5 -- Seĭ denʹ i︠a︡ pomni︠u︡ = The morn of life, op 34 no 10 -- Ne mozhet bytʹ! = So dread a fate I'll ne'er believe, op 34 no 7 -- Prokhodit vse = All things depart, op 26 no 15 -- My otdokhnem = Come, let us rest! op 26 no 3 -- U moego okna = Before my window, op 26 no 10 -- Ostrovok = The little island, op 14 no 2 -- Zdesʹ khorosho = How fair this spot! op 21 no 7 -- Kakoe schastʹe = What wealth of rapture, op 34 no 12.
=650  \0$aSongs with orchestra$vScores.
=700  1\$aI︠U︡rovskiĭ, V.$q(Vladimir),$d1915-1972,$earranger of music.
=700  12$aRachmaninoff, Sergei,$d1873-1943.$tRomansy,$nop. 14.$pOstrovok;$oarranged.$lEnglish & Russian.
=700  12$aRachmaninoff, Sergei,$d1873-1943.$tRomansy,$nop. 21.$pZdesʹ khorosho;$oarranged.$lEnglish & Russian.
=700  12$aRachmaninoff, Sergei,$d1873-1943.$tRomansy,$nop. 26.$pMy otdokhnem;$oarranged.$lEnglish & Russian.
=700  12$aRachmaninoff, Sergei,$d1873-1943.$tRomansy,$nop. 26.$pKhristos voskres;$oarranged.$lEnglish & Russian.
=700  12$aRachmaninoff, Sergei,$d1873-1943.$tRomansy,$nop. 26.$pU moego okna;$oarranged.$lEnglish & Russian.
=700  12$aRachmaninoff, Sergei,$d1873-1943.$tRomansy,$nop. 26.$pProkhodit vse;$oarranged.$lEnglish & Russian.
=700  12$aRachmaninoff, Sergei,$d1873-1943.$tRomansy,$nop. 34.$pNe mozhet bytʹ;$oarranged.$lEnglish & Russian.
=700  12$aRachmaninoff, Sergei,$d1873-1943.$tRomansy,$nop. 34.$pSeĭ denʹ i︠a︡ pomni︠u︡;$oarranged.$lEnglish & Russian.
=700  12$aRachmaninoff, Sergei,$d1873-1943.$tRomansy,$nop. 34.$pKakoe schastʹe;$oarranged.$lEnglish & Russian.
=700  12$aRachmaninoff, Sergei,$d1873-1943.$tStikhotvorenii︠a︡.$pSon;$oarranged.$lEnglish & Russian.
=830  \0$aHawkes pocket scores ;$v1524.
=852  41$aBritish Library$bDSC$cMUSIC
=852  41$aBritish Library$bDSC$cMUSIC$jH06/.15700
=852  41$aBritish Library$bMUSIC$jG.1583./1524
=BUF  \\$aRM$d20140620
=CAT  \\$a10812$b40$c20140620$lBLL01$h1436
=CAT  \\$a11814$b40$c20140703$lBLL01$h1226
=CAT  \\$a11814$b40$c20140703$lBLL01$h1256
=CAT  \\$a11814$b40$c20140703$lBLL01$h1409
=CAT  \\$a11814$b40$c20140703$lBLL01$h1411
=CAT  \\$aBATCH-HARR$b00$c20150622$lBLL01$h1447
=CAT  \\$aBATCH-UPD$b00$c20150622$lBLL01$h1447
=CAT  \\$aWR16_021$c20160715$lBLL01$h1806
=CAT  \\$aBATCH-016$c20160905$lBLL01$h1725
=FIN  \\$aY$d20140703
=LAS  \\$aBATCH-016$b00$c20160905$lBLL01$h1725

