=LDR  02679aam a2200421 i 4500
=001  016783609
=003  Uk
=005  20141009212202.0
=008  130911s2014\\\\enka\\\\\b\\\\001\0deng\\
=FMT  \\$a  BK
=010  \\$a2013036906  
=015  \\$aGBB471171$2bnb
=016  7\$a016783609$2Uk
=020  \\$a9780195391374 (hbk.) :$c£97.00
=040  \\$aStDuBDS$beng$cStDuBDS$dUk
=042  \\$aukblsr
=050  00$aML410.S6872$bO94 2014
=082  00$a782.14092$223
=245  04$aThe Oxford handbook of Sondheim studies /$cedited by Robert Gordon.
=264  \1$aOxford ;$aNew York :$bOxford University Press,$c[2014]
=300  \\$axxii, 481 pages :$billustrations ;$c26 cm.
=336  \\$atext$2rdacontent
=337  \\$aunmediated$2rdamedia
=338  \\$avolume$2rdacarrier
=500  \\$aFormerly CIP.$5Uk
=504  \\$aIncludes bibliographical references (pages 451-456) and index.
=505  0\$aSondheim's genius / Stephen Banfield -- Sondheim and postmodernism / Robert McLaughlin -- You've got to be carefully taught / Dominic Symonds -- Old situations, new complications / Robert Gordon -- Anyone can whistle as experimental theatre / David Savran and Daniel Gundlach -- The Prince-Sondheim legacy / Miranda Lundskaer-Nielsen -- Growing pains / Andrew Buchman -- Give us more to see / Bud Coleman -- Orchestrators in their own words / Nathan Matthews -- Nothing more than just a game / Garret Eisler -- It takes two / Olaf Jubin -- Something just broke / Joanne Gordon -- Sondheim on the London stage / Matt Wolf -- And one for Mahler / Keith Warner -- Evening primrose / by Robynn J. Stilwell -- From screen to stage / Geoffrey Block -- More Sondheim / Roger Hickman -- Attending the tale of Sweeney Todd / David Thomson -- A little night music / Joseph Swain -- Croaks into song / Marianne McDonald -- Sweeney Todd / by Millie Taylor -- Careful the spell you cast / Ben Francis -- Keeping company with Sondheim's women / Stacy Ellen Wolf -- Follies / Robert Lawson-Peebles -- Narratives of progress and tragedy in Pacific overtures / Paul Filmer -- Queer Sondheim / Scott F. Stoddart -- Sondheim's America, America's Sondheim / Raymond Knapp.
=600  10$aSondheim, Stephen$xCriticism and interpretation.
=700  1\$aGordon, Robert,$d1951 November 28-$eeditor.
=852  11$aBritish Library$bHMNTS$kMUS$h789
=852  41$aBritish Library$bHMNTS$jYC.2014.b.1642
=BUF  \\$aN$d20140812
=CAT  \\$aBATCH-CIPN$b00$c20140715$lBLL01$h1700
=CAT  \\$a5004$b40$c20140812$lBLL01$h0920
=CAT  \\$aBATCH-BUOC$b00$c20141009$lBLL01$h2121
=CAT  \\$aWR16_021$c20160715$lBLL01$h1809
=FIN  \\$aY$d20140812
=LAS  \\$aWR16_021$b00$c20160715$lBLL01$h1809

