=LDR  06479 am a2201333 i 4500
=001  016809291
=003  Uk
=005  20201104122912.0
=008  140804m20049999enka\\\\\\\\\|0|1\0|eng\\
=FMT  \\$a  BK
=020  \\$a0881394645 (ch. 1, pt. 1)
=020  \\$a0881394653 (ch. 1, pt. 2)
=020  \\$a0881394661 (ch. 1, pt. 3)
=020  \\$a9780881394672 (ch. 1, pt. 4 & 5)
=020  \\$a088139467X (ch. 1, pt. 4 & 5)
=020  \\$a9780881394696 (ch. 2)
=020  \\$a0881394696 (ch. 2)
=020  \\$a9780881394702 (ch. 3 & 4)
=020  \\$a088139470X (ch. 3 & 4)
=020  \\$a9780917512544 (ch. 5, v. 1)
=020  \\$a0917512545 (ch. 5, v. 1)
=020  \\$a088139114X (ch. 5, v. 2; ch. 6)
=020  \\$a0881390143 (ch. 7; ch. 8)
=020  \\$a9780881390056 (ch. 9)
=020  \\$a0881390054 (ch. 9)
=020  \\$a9780881394719 (ch. 10)
=020  \\$a0917512375 (ch. 11)
=020  \\$a9780881394733 (ch. 13 & 14)
=020  \\$a0917512774 (ch. 15)
=020  \\$a0917512804 (ch. 16)
=020  \\$a0917512839 (ch. 17)
=020  \\$a0917512383 (ch. 22)
=020  \\$a0917512391 (ch. 24)
=020  \\$a0917512871 (ch. 26, pt. I)
=020  \\$a091751274X (ch. 26, pt. II)
=020  \\$a9781601030108 (ch. 28 & 29)
=020  \\$a0881390119 (ch. 36)
=020  \\$a9780917512483 (ch. 39, v. 6)
=020  \\$a0917512480 (ch. 39, v. 6)
=020  \\$a9780917512377 (ch. 11)
=020  \\$a0917512685 (ch. 39, pt. I)
=020  \\$a0917512707 (ch. 39, pt. II)
=020  \\$a0917512731 (ch. 39, pt. III)
=020  \\$a0917512774 (ch. 39, pt. IV)
=020  \\$a0917512812 (ch. 39, pt. V)
=020  \\$a0917512480 (ch. 39, pt. VI)
=020  \\$a088139050X (ch. 39, pt. VII)
=020  \\$a0881390550 (ch. 39, pt. VIII)
=020  \\$a0917512847 (ch. 40)
=040  \\$aUk$beng$cUk$erda
=041  1\$aeng$hchi
=042  \\$aukblsr
=050  \4$aBQ1627.H713
=100  0\$aHsüan Hua,$d1918-1995,$eauthor.
=245  10$aFlower adornment sutra /$ccommentary by Tripitaka Master Hua ; translated from the Chinese by the Buddhist Text Translation Society.
=246  15$aGreat means expansive Buddha flower adornment sutra
=250  \\$aFirst English edition.
=264  \1$aTalmage, Ca. :$bDharma Realm Buddhist University, Buddhist Text Translation Society,$c2004-
=300  \\$avolumes :$billustrations (black and white) ;$c24 cm
=336  \\$atext$2rdacontent
=337  \\$aunmediated$2rdamedia
=338  \\$avolume$2rdacarrier
=505  1\$aCh. 1, pts. 1-5. The wondrous adornments of the rulers of the worlds -- ch. 2. The manifestations of the thus come one -- ch. 3 & 4. Universal worthy's Samādhi ; The coming into being of worlds -- ch. 5, v. 1. Flower store sea of worlds -- ch. 5, v. 2. Flower store sea of worlds; ch. 6. Vairochana -- ch. 7. Names of the thus come ones; ch. 8. The four holy truths -- ch. 9. Light enlightenment -- ch. 10. The bodhisattvas ask for clarification -- ch. 11. Pure conduct -- ch. 13 & 14. Ascent to the summit of Mount Sumeru ; Praises at the summit of Mount Sumeru -- ch. 15. The ten dwellings -- ch. 16. Brahma conduct -- ch. 17. Merit & virtue from first bringing forth the mind -- ch. 22. The ten inexhaustible treasures.
=505  1\$aCh. 24. Praises in the Tushita Heaven Palace -- ch. 26, pt. I. The ten grounds -- ch. 26, pt. II. The ten grounds -- ch. 28 & 29. The ten spiritual powers ; The ten patiences -- ch. 36. Universal worthy's conduct -- ch. 39, pt. I-pt. VIII. Entering the Dharma realm -- ch. 40. Universal worthy's conduct and vows.
=500  \\$aText and commentary in English.
=500  \\$aIncludes index.
=630  00$aTripiṭaka.$pSūtrapiṭaka.$pAvataṃsakasūtra$vCommentaries.
=710  2\$aBuddhist Text Translation Society,$epublisher.
=730  0\$aTripiṭaka.$pSūtrapiṭaka.$pAvataṃsakasūtra.$lEnglish.
=852  41$aBritish Library$bHMNTS$jYD.2014.a.2660$ich. 26, pt. I
=852  41$aBritish Library$bHMNTS$jYD.2014.a.2663$ich. 39, pt. I
=852  41$aBritish Library$bHMNTS$jYD.2014.a.2664$ich. 39, pt. II
=852  41$aBritish Library$bHMNTS$jYD.2014.a.2670$ich. 39, pt. VIII
=852  41$aBritish Library$bHMNTS$jYD.2014.a.2659$ich. 24
=852  41$aBritish Library$bHMNTS$jYD.2014.a.2665$ich. 39, pt. III
=852  41$aBritish Library$bHMNTS$jYD.2014.a.2652$ich. 7
=852  41$aBritish Library$bHMNTS$jYD.2014.a.2666$ich. 39, pt. IV
=852  41$aBritish Library$bHMNTS$jYD.2014.a.2650$ich. 5, vol. 1
=852  41$aBritish Library$bHMNTS$jYD.2014.a.2668$ich. 39, pt. VI
=852  41$aBritish Library$bHMNTS$jYD.2014.a.2671$ich. 40
=852  41$aBritish Library$bHMNTS$jYD.2014.a.2662$ich. 36
=852  41$aBritish Library$bHMNTS$jYD.2014.a.2667$ich. 39, pt. V
=852  41$aBritish Library$bHMNTS$jYD.2014.a.2654$ich. 11
=852  41$aBritish Library$bHMNTS$jYD.2014.a.2661$ich. 26, pt. II
=852  41$aBritish Library$bHMNTS$jYD.2014.a.2669$ich. 39, pt. VII
=852  41$aBritish Library$bHMNTS$jYD.2014.a.2655$ich. 15
=852  41$aBritish Library$bHMNTS$jYD.2014.a.2657$ich. 17
=852  41$aBritish Library$bHMNTS$jYD.2014.a.2658$ich. 22
=852  41$aBritish Library$bHMNTS$jYD.2014.a.2653$ich. 9
=852  41$aBritish Library$bHMNTS$ich. 15
=852  41$aBritish Library$bHMNTS$jYD.2014.a.2656$ich. 16
=852  41$aBritish Library$bHMNTS$jYD.2014.a.2651$ich. 5, vol. 2
=852  41$aBritish Library$bHMNTS$jYD.2020.a.1643
=852  41$aBritish Library$bHMNTS$jYD.2020.a.1639
=852  41$aBritish Library$bHMNTS$jYD.2020.a.1641
=852  41$aBritish Library$bHMNTS$jYD.2020.a.1640
=852  41$aBritish Library$bHMNTS$jYD.2020.a.1642
=852  41$aBritish Library$bHMNTS$jYD.2020.a.1644
=852  41$aBritish Library$bHMNTS$jYD.2020.a.1645
=852  41$aBritish Library$bHMNTS$jYD.2020.a.1646
=852  41$aBritish Library$bHMNTS$jYD.2020.a.1647
=CAT  \\$a11250$b40$c20140804$lBLL01$h1112
=CAT  \\$a11250$b40$c20140804$lBLL01$h1113
=CAT  \\$a11250$b40$c20140804$lBLL01$h1116
=CAT  \\$a11250$b40$c20140804$lBLL01$h1134
=CAT  \\$a11250$b40$c20140804$lBLL01$h1142
=CAT  \\$a11250$b40$c20140804$lBLL01$h1143
=CAT  \\$a11250$b40$c20140804$lBLL01$h1226
=CAT  \\$a8962$b40$c20171205$lBLL01$h1123
=CAT  \\$a11312$b40$c20201104$lBLL01$h1219
=CAT  \\$a11312$b40$c20201104$lBLL01$h1227
=CAT  \\$a11312$b40$c20201104$lBLL01$h1229
=FIN  \\$aY$d20140804
=LAS  \\$a11312$b40$c20201104$lBLL01$h1229

