=LDR  03109aam a2200613 i 4500
=001  016857293
=003  Uk
=005  20150409212324.0
=008  140425r20151994enka\\\\\b\\\\001\0\eng\\
=FMT  \\$a  BK
=010  \\$a2014006841  
=015  \\$aGBB494450$2bnb
=016  7\$a016857293$2Uk
=020  \\$a9780415666510 (hbk.) :$c£80.00
=020  \\$a9780415666527 (pbk.) :$c£27.99
=020  \\$z9781136500763 (ePub ebook) :$c£27.99
=020  \\$z9781136500770 (PDF ebook) :$c£27.99
=020  \\$z9781136500725 (Mobipocket ebook) :$c£27.99
=020  \\$z9781136500749 (PDF ebook) :$c£27.99
=020  \\$z9781136500718 (Kindle ebook) :$c£27.99
=020  \\$z9780203143612 (ebk)
=040  \\$aStDuBDS$beng$cStDuBDS$dUk$erda
=042  \\$aukblsr
=050  00$aPN4783$b.K44 2015
=082  00$a070.5722$223
=100  1\$aKeeble, Richard,$d1948-$eauthor.
=245  14$aThe newspapers handbook /$cRichard Lance Keeble and Iain Reeves.
=250  \\$aFifth edition.
=264  \1$aLondon ;$aNew York :$bRoutledge,$c2015.
=300  \\$axvi, 335 pages :$billustrations ;$c25 cm.
=336  \\$atext$2rdacontent
=337  \\$aunmediated$2rdamedia
=338  \\$avolume$2rdacarrier
=490  0\$aMedia skills
=500  \\$aFormerly CIP.$5Uk
=500  \\$a"First published 1994"--Title page verso.
=504  \\$aIncludes bibliographical references (pages 302-324) and index.
=520  \\$a"This new edition of The Newspapers Handbook presents an enlightening examination of an ever-evolving industry, engaging with key contemporary issues, including reporting in the digital age and ethical and legislative issues following the hacking scandal to display a comprehensive anatomy of the modern newsroom. Richard Lance Keeble and Ian Reeves offer readers expert practical advice, drawing on a wide range of examples from print and digital news sources to illustrate best practice and the political, technological and financial realities of newspaper journalism today. Other key areas explored include: the language of newsbasic reportingthe art of interviewingfeature writing the role of social media in reporting investigative reporting court reportingreporting on national and local government guidance on training and careers for those entering the industry"--$cProvided by publisher.
=650  \0$aNewspaper publishing$vHandbooks, manuals, etc.
=650  \0$aJournalism$vHandbooks, manuals, etc.
=650  \7$aLANGUAGE ARTS & DISCIPLINES / Journalism.$2bisacsh
=650  \7$aLANGUAGE ARTS & DISCIPLINES / Reference.$2bisacsh
=650  \7$aSOCIAL SCIENCE / Media Studies.$2bisacsh
=700  1\$aReeves, Iain,$eauthor.
=852  11$aBritish Library$bHMNTS$kNRR$h070.5722
=852  41$aBritish Library$bHMNTS$jYK.2015.a.495
=BUF  \\$aN$d20150217
=CAT  \\$aBATCH-CIPN$b00$c20140902$lBLL01$h1702
=CAT  \\$aBATCH-UPD$b00$c20141013$lBLL01$h1431
=CAT  \\$a11168$b40$c20150217$lBLL01$h1223
=CAT  \\$aBATCH-BUOC$b00$c20150409$lBLL01$h2122
=CAT  \\$aWR16_021$c20160715$lBLL01$h1816
=FIN  \\$aY$d20150217
=LAS  \\$aWR16_021$b00$c20160715$lBLL01$h1816

