=LDR  01709pam a2200469 i 4500
=001  016868716
=003  Uk
=005  20160108134936.0
=008  140911s2014\\\\enkag\\\\b\\\\001\0\eng\d
=FMT  \\$a  BK
=015  \\$aGBB4A0248$2bnb
=016  7\$a016868716$2Uk
=020  \\$a9781843839064 (hbk.) :$c£60.00
=020  \\$z9781782044062 (ebook) :$cNo price
=040  \\$aStDuBDS$beng$cStDuBDS$dUk$erda
=042  \\$aukblcatcopy
=082  04$a780.94209033$223
=100  1\$aEggington, Tim,$eauthor.
=245  14$aThe advancement of music in enlightenment England :$bBenjamin Cooke and the Academy of Ancient Music /$cTim Egginton.
=264  \1$aWoodbridge :$bThe Boydell Press,$c2014.
=300  \\$axii, 303 pages :$billustrations (black and white), music ;$c25 cm.
=336  \\$atext$2rdacontent
=336  \\$astill image$2rdacontent
=337  \\$aunmediated$2rdamedia
=338  \\$avolume$2rdacarrier
=490  0\$aMusic in Britain, 1600-2000
=530  \\$aAlso issued online.
=504  \\$aIncludes bibliographical references and index.
=500  \\$aFormerly CIP.$5Uk
=650  \0$aMusic$zEngland$y18th century$xHistory and criticism.
=600  10$aCooke, Benjamin,$d1734-1793.
=776  08$iebook version :$z9781782044062
=852  41$aBritish Library$bHMNTS$jYC.2016.a.294
=852  11$aBritish Library$bHMNTS$kMUS$h780.9
=CAT  \\$aBATCH-CIPN$b00$c20140916$lBLL01$h1701
=CAT  \\$a6923$b40$c20141103$lBLL01$h1322
=CAT  \\$a8870$b40$c20150428$lBLL01$h0915
=CAT  \\$a9701$b40$c20150604$lBLL01$h1042
=CAT  \\$a8318$b40$c20160108$lBLL01$h1349
=CAT  \\$aWR16_021$c20160715$lBLL01$h1818
=FIN  \\$aY$d20150604
=LAS  \\$aWR16_021$b00$c20160715$lBLL01$h1818

