=LDR  01783aam a2200505 i 4500
=001  016872663
=003  Uk
=005  20150220003510.0
=008  140630s2015\\\\enk\\\\\\b\\\\001\0\eng\\
=FMT  \\$a  BK
=010  \\$a2014009981  
=015  \\$aGBB4A1778$2bnb
=016  7\$a016872663$2Uk
=020  \\$a9780415537186 (hbk.) :$c£140.00
=020  \\$z9781315756202 (ebk.)
=020  \\$z9781317629467 (ePub ebook) :$c£140.00
=020  \\$z9781317629474 (PDF ebook) :$c£140.00
=020  \\$z9781317629450 (Mobipocket ebook) :$c£140.00
=040  \\$aStDuBDS$beng$cStDuBDS$dUk$erda
=042  \\$aukblsr
=043  \\$ae-uk---
=050  00$aP92.G7$bR68 2015
=082  00$a302.230941$223
=245  04$aThe Routledge companion to British media history /$cedited by Martin Conboy and John Steel.
=264  \1$aLondon ;$aNew York :$bRoutledge,$c2015.
=300  \\$axvii, 610 pages ;$c26 cm.
=336  \\$atext$btxt$2rdacontent
=337  \\$aunmediated$bn$2rdamedia
=338  \\$avolume$bnc$2rdacarrier
=500  \\$aFormerly CIP.$5Uk
=504  \\$aIncludes bibliographical references and index.
=650  \0$aMass media$zGreat Britain$xHistory$y20th century .
=650  \0$aMass media$zGreat Britain$xHistory$y21st century .
=700  1\$aConboy, Martin,$eeditor.
=700  1\$aSteel, John,$d1966-$eeditor.
=852  11$aBritish Library$bHMNTS$kNRR$h302.23
=852  41$aBritish Library$bHMNTS$jYC.2015.b.364
=BUF  \\$aN$d20150217
=CAT  \\$aBATCH-CIPN$b00$c20140923$lBLL01$h1700
=CAT  \\$aBATCH-CIPC$b00$c20140930$lBLL01$h1701
=CAT  \\$a11012$b40$c20150217$lBLL01$h1143
=CAT  \\$aBATCH-BUOC$b00$c20150220$lBLL01$h0034
=CAT  \\$aWR16_021$c20160715$lBLL01$h1818
=FIN  \\$aY$d20150217
=LAS  \\$aWR16_021$b00$c20160715$lBLL01$h1818

