=LDR  01840aam a2200517 i 4500
=001  016897675
=003  Uk
=005  20160905132022.0
=008  140619t20152015inua\\\\\bk\\\001\0\eng\c
=FMT  \\$a  BK
=010  \\$a2014022235  
=015  \\$aGBB4B5884$2bnb
=016  7\$a016897675$2Uk
=020  \\$a9780253014481 (pbk.) :$c£22.99
=020  \\$z9780253014566 (ebook)
=040  \\$aStDuBDS$beng$cStDuBDS$dUk$erda
=042  \\$aukblsr
=050  00$aML113$b.S46 2015
=082  00$a016.7$223
=100  1\$aScott, Allen$q(Dale Allen),$d1960-$ecompiler.
=245  10$aSourcebook for research in music /$cAllen Scott ; Phillip D. Crabtree and Donald H. Foster, founding editors.
=250  \\$aThird edition.
=264  \1$aBloomington ;$aIndianapolis :$bIndiana University Press,$c[2015].
=264  \4$c©2015.
=300  \\$axvi, 496 pages :$billustrations ;$c23 cm.
=336  \\$atext$2rdacontent
=337  \\$aunmediated$2rdamedia
=338  \\$avolume$2rdacarrier
=500  \\$aFormerly CIP.$5Uk
=504  \\$aIncludes bibliographical references, discographies (pages 384-390) and indexes.
=530  \\$aAlso published electronically.
=650  \0$aMusic$vBibliography.
=650  \0$aMusic$xHistory and criticism$vBibliography.
=650  \0$aMusic$vBibliography of bibliographies.
=700  1\$aCrabtree, Phillip,$ecompiler.
=700  1\$aFoster, Donald H.,$ecompiler.
=852  41$aBritish Library$bHMNTS$cSPHOA
=852  41$aBritish Library$bHMNTS$jYC.2015.a.9503
=BUF  \\$aN$d20150804
=CAT  \\$aBATCH-CIPN$b00$c20141021$lBLL01$h1700
=CAT  \\$a10812$b40$c20150804$lBLL01$h1423
=CAT  \\$aBATCH-BUOC$b00$c20150806$lBLL01$h2120
=CAT  \\$aWR16_021$c20160715$lBLL01$h1821
=CAT  \\$a10904$b40$c20160905$lBLL01$h1320
=FIN  \\$aY$d20150804
=LAS  \\$a10904$b40$c20160905$lBLL01$h1320

