=LDR  02070pam a2200541 i 4500
=001  016897862
=003  Uk
=005  20160705114537.0
=008  140822s2015\\\\ne\a\\\\\b\\\|0|1|0|eng|d
=FMT  \\$a  BK
=015  \\$aGBB4B6071$2bnb
=016  7\$a016897862$2Uk
=020  \\$a9780444537645 (v. 1A : hardback) :$c£95.00
=020  \\$z9780444537652 (v. 1A : PDF ebook) :$c£95.00
=020  \\$a9780444537683 (v. 1B : hardback) :$c£95.00
=020  \\$z9780444537690 (v. 1B : PDF ebook) :$c£95.00
=040  \\$aStDuBDS$beng$cStDuBDS$dUk$erda
=042  \\$aukblsr
=082  04$a304.82$223
=245  00$aHandbook of the economics of international migration /$cedited by Barry R. Chiswick, Paul W. Miller.
=264  \1$aAmsterdam :$bElsevier/North Holland,$c[2015]
=300  \\$a2 volumes (xix, 1658 pages) :$billustrations (black and white) ;$c25 cm
=336  \\$atext$2rdacontent
=337  \\$aunmediated$2rdamedia
=338  \\$avolume$2rdacarrier
=490  0\$aHandbooks in economics
=504  \\$aIncludes bibliographical references and index.
=505  0\$av. 1A. The immigrants -- v. 1B. The impact and regional studies.
=530  \\$aAlso published electronically.
=500  \\$aFormerly CIP.$5Uk
=650  \0$aEmigration and immigration$xEconomic aspects.
=690  7\$aSocial Welfare$2blcoll
=700  1\$aChiswick, Barry R.,$eeditor.
=700  1\$aMiller, Paul W.,$eeditor.
=776  08$iebook version:$z9780444537652
=852  41$aBritish Library$bDSC$ivol. 1A
=852  41$aBritish Library$bHMNTS$jYC.2016.a.6848
=852  41$aBritish Library$bHMNTS$jYC.2016.a.6850
=852  41$aBritish Library$bDSC$ivol. 1B
=852  41$aBritish Library$bHMNTS$jYC.2016.a.6847
=CAT  \\$aBATCH-CIPN$b00$c20141021$lBLL01$h1700
=CAT  \\$a11250$b40$c20160705$lBLL01$h1048
=CAT  \\$a11250$b40$c20160705$lBLL01$h1100
=CAT  \\$a11250$b40$c20160705$lBLL01$h1145
=CAT  \\$aBATCH-SWP$c20160708$lBLL01$h2222
=CAT  \\$aWR16_021$c20160715$lBLL01$h1822
=FIN  \\$aY$d20160705
=LAS  \\$aWR16_021$b00$c20160715$lBLL01$h1822

