=LDR  02065caa a22005177i 4500
=001  016934365
=003  Uk
=005  20230302181956.0
=008  141106s2014\\\\enk\\\\\\\\\\\100\0\eng\\
=FMT  \\$a  BK
=040  \\$aUk$beng$cUk$erda
=CNF  \\$aBritish science festival (Meeting)$d(2014 :$cBirmingham)
=245  04$aThe unlikeliness of being :$ba bursary opportunity.
=264  \1$aLondon :$bInstitute of Biomedical Science,$c[2014]
=300  \\$aPages 608-609
=336  \\$atext$2rdacontent
=337  \\$aunmediated$2rdamedia
=338  \\$avolume$2rdacarrier
=591  \\$aReport.
=540  \\$aCurrent Copyright Fee: GBP25.00$c0$5Uk
=653  1\$aScience
=653  1\$aBiomedical science
=773  0\$tBiomedical scientist$gv. 58, no. 11 (November 2014)
=852  41$aBritish Library$bHMNTS$jAc.3820.fb/7
=852  41$aBritish Library$bHMNTS$xNPL
=852  41$aBritish Library$bDSC$j2087.880150
=945  \\$aBiomedical scientist, ISSN 1352-7673 ; vol 58 no 11 2014
=CAT  \\$a8342$b40$c20141106$lBLL01$h0944
=CAT  \\$aBATCH-CLA$c20150210$lBLL01$h2022
=CAT  \\$aBATCH-CLA$b00$c20161221$lBLL01$h2031
=CAT  \\$aIPL-CLA$c20161231$lBLL01$h0020
=CAT  \\$aBATCH-CLA$b00$c20171221$lBLL01$h1321
=CAT  \\$aIPL-CLA$c20171231$lBLL01$h1826
=CAT  \\$aBATCH-CLA$b00$c20200218$lBLL01$h0435
=CAT  \\$aBATCH-CLA$b00$c20201203$lBLL01$h1417
=CAT  \\$aIPL-CLA$c20201231$lBLL01$h2342
=CAT  \\$aBATCH-CLA$b00$c20221206$lBLL01$h1801
=CAT  \\$aIPL-CLA$c20221231$lBLL01$h2331
=CAT  \\$aBATCH-CLA$b00$c20230302$lBLL01$h1819
=CFI  0\$aCurrent Copyright Fee: GBP25.00$c0$e09-feb-2023$fGBP25.00$g0$hC$5Uk
=FIN  \\$aY$d20141106
=LKR  \\$aANA$b012488835$lBLL01$nBiomedical scientist$r773$y2014$v58$i11$mThe unlikeliness of being: a bursary opportunity
=TCO  \\$aCLA$bCLA$c008
=ACF  \\$aPrevious Copyright Fee: GBP12.30$c0$e01-jan-2014$fGBP12.30$g0$hC$5Uk
=ACF  \\$aPrevious Copyright Fee: GBP20.00$c0$e01-jan-2020$fGBP20.00$g0$hC$5Uk
=LAS  \\$aBATCH-CLA$b00$c20230302$lBLL01$h1819

