=LDR  02001caa a22005057i 4500
=001  016971336
=003  Uk
=005  20230302182005.0
=008  141208s2014\\\\enk\\\\\\\\\\\100\0\eng\\
=FMT  \\$a  BK
=040  \\$aUk$beng$cUk$erda
=CNF  \\$aInfectious diseases symposium$d(2014 :$cLondon)
=245  00$aInfectious diseases :$ba diagnostic update.
=264  \1$aLondon :$bInstitute of Biomedical Science,$c[2014]
=300  \\$apages 651-655
=336  \\$atext$2rdacontent
=337  \\$aunmediated$2rdamedia
=338  \\$avolume$2rdacarrier
=591  \\$aReport.
=540  \\$aCurrent Copyright Fee: GBP25.00$c0$5Uk
=653  1\$aInfectious diseases
=773  0\$tBiomedical scientist$gv. 58, no. 12 (December 2014)
=852  41$aBritish Library$bHMNTS$jAc.3820.fb/7
=852  41$aBritish Library$bHMNTS$xNPL
=852  41$aBritish Library$bDSC$j2087.880150
=945  \\$aBiomedical scientist, ISSN 1352-7673 ; vol 58 no 12 2014
=CAT  \\$a10997$b40$c20141208$lBLL01$h1137
=CAT  \\$aBATCH-CLA$b00$c20141209$lBLL01$h0041
=CAT  \\$aBATCH-CLA$b00$c20161221$lBLL01$h2031
=CAT  \\$aIPL-CLA$c20161231$lBLL01$h0021
=CAT  \\$aBATCH-CLA$b00$c20171221$lBLL01$h1321
=CAT  \\$aIPL-CLA$c20171231$lBLL01$h1827
=CAT  \\$aBATCH-CLA$b00$c20200218$lBLL01$h0435
=CAT  \\$aBATCH-CLA$b00$c20201203$lBLL01$h1417
=CAT  \\$aIPL-CLA$c20201231$lBLL01$h2343
=CAT  \\$aBATCH-CLA$b00$c20221206$lBLL01$h1801
=CAT  \\$aIPL-CLA$c20221231$lBLL01$h2331
=CAT  \\$aBATCH-CLA$b00$c20230302$lBLL01$h1820
=CFI  0\$aCurrent Copyright Fee: GBP25.00$c0$e09-feb-2023$fGBP25.00$g0$hC$5Uk
=FIN  \\$aY$d20141208
=LKR  \\$aANA$b012488835$lBLL01$nBiomedical scientist$mInfectious diseases$r773$y2014$v58$i12
=TCO  \\$aCLA$bCLA$c008
=ACF  \\$aPrevious Copyright Fee: GBP12.30$c0$e01-jan-2014$fGBP12.30$g0$hC$5Uk
=ACF  \\$aPrevious Copyright Fee: GBP20.00$c0$e01-jan-2020$fGBP20.00$g0$hC$5Uk
=LAS  \\$aBATCH-CLA$b00$c20230302$lBLL01$h1820

