=LDR  01800pam a2200493 i 4500
=001  017008885
=003  Uk
=005  20151116145848.0
=008  141106s2015\\\\enka\\\\\bd\\\000\0\eng\d
=FMT  \\$a  BK
=015  \\$aGBB504017$2bnb
=016  7\$a017008885$2Uk
=020  \\$a9780199674985 (hardback) :$c£45.00
=020  \\$z9780101053856 (eISBN)
=040  \\$aStDuBDS$beng$cStDuBDS$dUk$erda
=042  \\$aukblsr
=082  04$a720.3$223
=100  1\$aCurl, James Stevens,$d1937-$eauthor.
=245  14$aThe Oxford dictionary of architecture /$cJames Stevens Curl with line-drawings by the author and contributions on landscape architecture by Susan Wilson.
=246  30$aDictionary of architecture
=250  \\$aThird edition.
=264  \1$aOxford :$bOxford University Press,$c2015.
=300  \\$axxii, 1017 pages :$billustrations (black and white) ;$c24 cm
=336  \\$atext$2rdacontent
=336  \\$astill image$2rdacontent
=337  \\$aunmediated$2rdamedia
=338  \\$avolume$2rdacarrier
=504  \\$aIncludes bibliographical references.
=530  \\$aAlso issued online.
=500  \\$aFormerly CIP.$5Uk
=650  \0$aArchitecture$vDictionaries.
=700  1\$aWilson, Susan$c(Historian),$eauthor.
=852  41$aBritish Library$bHMNTS$jYC.2016.a.8327
=852  11$aBritish Library$bHMNTS$kHLR$h720.3
=CAT  \\$aBATCH-CIPN$b00$c20150113$lBLL01$h1701
=CAT  \\$aBATCH-UPD$b00$c20150113$lBLL01$h1703
=CAT  \\$a11373$b40$c20150327$lBLL01$h0918
=CAT  \\$aBATCH-UPD$b40$c20150624$lBLL01$h2021
=CAT  \\$a11325$b40$c20151116$lBLL01$h1453
=CAT  \\$a11325$b40$c20151116$lBLL01$h1454
=CAT  \\$a11325$b40$c20151116$lBLL01$h1458
=CAT  \\$aWR16_021$c20160716$lBLL01$h1813
=FIN  \\$aY$d20151116
=LAS  \\$aWR16_021$b00$c20160716$lBLL01$h1813

