=LDR  03641 am a2200637 i 4500
=001  017012843
=003  Uk
=005  20170103143455.0
=008  121012s2012\\\\enkabf\\\b\\\\001\0\eng\d
=FMT  \\$a  BK
=010  \\$a2011294543
=015  \\$aGBB700122$2bnb
=016  7\$a017012843$2Uk
=020  \\$a9780712358699 (British Library)
=020  \\$a0712358692 (British Library)
=020  \\$a9781442644366 (University of Toronto Press)
=020  \\$a1442644362 (University of Toronto Press)
=035  \\$a(OCoLC)ocn776813683
=040  \\$aYDXCP$beng$cYDXCP$dBTCTA$dBDX$dERASA$dXII$dMZA$dXII$dOCLCQ$dDLC$dUk$erda
=042  \\$aukblderived
=043  \\$ae-uk-en
=050  00$aND3363.T39$bS65 2012
=082  00$a745.670942$223
=100  1\$aSmith, Kathryn A.$q(Kathryn Ann),$eauthor.
=245  14$aThe Taymouth hours :$bstories and the construction of the self in late Medieval England /$cKathryn A. Smith.
=246  30$aStories and the construction of the self in late Medieval England
=264  \1$aLondon :$bThe British Library and University of Toronto Press,$c2012.
=300  \\$axxii, 369 pages, 8 unnumbered pages of plates :$billustrations (black and white, and colour), maps (black and white) ;$c25 cm +$e1 DVD (col. ; 4 3/4 in.)
=336  \\$atext$2rdacontent
=336  \\$astill image$2rdacontent
=337  \\$aunmediated$2rdamedia
=337  \\$acomputer$2rdamedia
=338  \\$avolume$2rdacarrier
=338  \\$acomputer disc$2rdacarrier
=500  \\$aIncludes 1 DVD in pocket inside back cover.
=500  \\$aA critical study of the manuscript known as the Taymouth hours (London, British Library, Yates Thompson 13).
=500  \\$aAccompanying DVD contains full-color digital images of each page of the manuscript, with zoom-in capability.
=504  \\$aIncludes bibliographical references and index.
=520  8\$aThe Taymouth Hours is one of the most fascinating and enigmatic English manuscripts of the later medieval period. In this, the first comprehensive study of the manuscript, Kathryn A. Smith argues that the Taymouth Hours was commissioned in 1331 by Philippa of Hainault, queen of Edward III, for Edward's sister, the 13-year old Eleanor of Woodstock, on the occasion of her betrothal to Reinald II of Guelders. Through detailed analysis of the manuscript's programme, particularly the relationship between its marginal imagery and the devotional texts which they border, and by embedding the manuscript within the dynamic context of historical, political, religious, cultural and artistic developments in early 14th-century northern Europe, this groundbreaking study explores the ways in which the stories pictured in the Taymouth Hours shaped and affirmed the self of their royal female viewer. (A DVD of the complete manuscript is also included.).
=630  00$aTaymouth hours.
=650  \0$aBooks of hours$zEngland.
=650  \0$aIllumination of books and manuscripts, English.
=650  \0$aIllumination of books and manuscripts, Medieval$zEngland.
=650  \0$aIllumination of books and manuscripts, Gothic$zEngland.
=710  22$aCatholic Church.$tBook of hours (Ms. Taymouth hours)
=852  41$aBritish Library$bHMNTS$jEMC.2017.b.14
=852  11$aBritish Library$bMAPS$kMSS.$h745.6792
=CAT  \\$a6503$b40$c20150114$lBLL01$h1156
=CAT  \\$a11131$b40$c20150305$lBLL01$h0941
=CAT  \\$aWR14_128$c20160226$lBLL01$h1630
=CAT  \\$aWR16_021$c20160716$lBLL01$h1814
=CAT  \\$a11325$b40$c20170103$lBLL01$h1429
=CAT  \\$a11325$b40$c20170103$lBLL01$h1434
=FIN  \\$aY$d20150305
=SRC  \\$aBLL02
=LAS  \\$a11325$b40$c20170103$lBLL01$h1434

