=LDR  02052 am a2200481 i 4500
=001  017030879
=003  Uk
=005  20150611174250.0
=008  150129s2014\\\\ne\a\\\\\bc\\|0|1\0|eng\\
=FMT  \\$a  BK
=020  \\$z9789091539183 (pt. 1)
=020  \\$z9789091539190 (pt. 2)
=040  \\$aUk$beng$cUk$erda
=042  \\$aukblsr
=100  1\$aMatham, Adriaen,$d1599-1660.
=245  10$aAdriaen, Jan and Theodoor Matham /$ccompiled by Simon Turner ; edited by Huigen Leeflang.
=264  \1$aOuderkerk aan den Ijssel :$bSound & Vision Publishers in cooperation with the Rijksprentenkabinet, Rijksmuseum Amsterdam,$c2014.
=300  \\$a2 volumes :$billustrations (black and white) ;$c28 cm.
=336  \\$atext$2rdacontent
=336  \\$astill image$2rdacontent
=337  \\$aunmediated$2rdamedia
=338  \\$avolume$2rdacarrier
=490  1\$aThe new Hollstein Dutch & Flemish etchings, engravings and woodcuts 1450-1700
=504  \\$aIncludes bibliographical references and index.
=600  10$aMatham, Adriaen,$d1599-1660$vCatalogues raisonnés.
=600  10$aMatham, Jan,$dapproximately 1606-1648$vCatalogues raisonnés.
=600  10$aMatham, Theodor,$d1605 or 1606-1676$vCatalogues raisonnés.
=700  1\$aMatham, Jan,$dapproximately 1606-1648,$eartist.
=700  1\$aMatham, Theodor,$d1605 or 1606-1676,$eartist.
=700  1\$aHollstein, F. W. H.
=700  1\$aTurner, Simon$q(Simon James),$ecompiler.
=700  1\$aLeeflang, Huigen,$eeditor.
=710  2\$aRijksmuseum (Netherlands).$bRijksprentenkabinet,$epublisher.
=830  \0$aNew Hollstein Dutch & Flemish etchings, engravings and woodcuts, 1450-1700.
=852  41$aBritish Library$bHMNTS$iYD.2015.b.28
=852  41$aBritish Library$bHMNTS$jYD.2015.b.28
=CAT  \\$a11250$b40$c20150129$lBLL01$h1111
=CAT  \\$a11250$b40$c20150129$lBLL01$h1143
=CAT  \\$a7416$b40$c20150526$lBLL01$h1729
=CAT  \\$aBATCH-UPD$b40$c20150526$lBLL01$h1730
=CAT  \\$a7416$b40$c20150611$lBLL01$h1742
=FIN  \\$aY$d20150129
=LAS  \\$a7416$b40$c20150611$lBLL01$h1742

