=LDR  04114aam a2200553 i 4500
=001  017073072
=003  Uk
=005  20160630212459.0
=008  150130s2015\\\\enk\\\\\\\\\\\000\0\eng\\
=FMT  \\$a  BK
=010  \\$a2014049954  
=015  \\$aGBB521349$2bnb
=016  7\$a017073072$2Uk
=020  \\$a9781137410689 (hbk.) :$c£60.00
=040  \\$aStDuBDS$beng$cStDuBDS$dUk$erda
=042  \\$aukblsr
=043  \\$ae-uk---
=050  00$aHV6433.G713$bL65515 2015
=082  00$a363.3259388409421090511$223
=100  1\$aKelsey, Darren,$d1983-
=245  10$aMedia, myth and terrorism :$ba discourse-mythological analysis of the 'blitz spirit' in British newspaper responses to the July 7th Bombings /$cDarren Kelsey, Newcastle University, UK.
=264  \1$aHoundmills, Basingstoke, Hampshire ;$aNew York :$bPalgrave Macmillan,$c2015.
=300  \\$ax, 216 pages ;$c23 cm.
=336  \\$atext$2rdacontent
=337  \\$aunmediated$2rdamedia
=338  \\$avolume$2rdacarrier
=500  \\$aFormerly CIP.$5Uk
=504  \\$aIncludes bibliographical references.
=505  8\$aMachine generated contents note: 1. Introduction: The Politics Of Remembering And The Myth Of The Blitz -- 2. Journalism, Storytelling And Ideology: A Discourse-Mythological Approach -- 3. Media And The War On Terror -- 4. Statistical Analysis Of British Newspapers After The July 7th Bombings -- 5. London Can Take It: Wartime Defiance And 'Frontline' Heroism -- 6. The FTSE Fights On: Discourses Of The City, Stock Market And Economy -- 7. Rituals Of National Narration: The Symbolic Role Of Commemoration Events And The Royal Family -- 8. Discourse Of International Unity, The 'Special Relationship' And Western Foreign Policy -- 9. Soft Touch Justice: Blaming Human Rights And Multiculturalism -- 10. Conclusion: Mythologies Of The Past, Present And Future.
=520  \\$a"Media, Myth and Terrorism provides a rigorous case study of Blitz mythology in British newspaper responses to the July 7th bombings. Considering how the press, politicians and members of the public were caught up in popular accounts of Britain's past, Kelsey explores the ideological battleground that took place in the weeks following the bombings as the myth of the blitz was invoked. By providing conceptual discussions of myth, discourse, and ideology, Kelsey proposes a discourse-mythological framework designed for analysing discursive constructions of mythology. In doing so, this research considers multiple recontextualisations of the blitz myth when popular memories of 1940 recurred in 2005. Kelsey encourages readers to understand the politics of remembering by showing how popular yet inaccurate stories from the past have a significant impact on our perceptions of the present. Heroism, trauma, economics, royalty, rituals, human rights, foreign policy, immigration and multiculturalism are just some of the topics covered across a vast landscape of stories embracing a myth from the past in order to understand the present. "--$cProvided by publisher.
=650  \0$aLondon Terrorist Bombings, London, England, 2005$vPress coverage$zGreat Britain.
=650  \0$aJournalism$xPolitical aspects$zGreat Britain$xHistory$y21st century.
=650  \0$aJournalism$xObjectivity$zGreat Britain$xHistory$y21st century.
=650  \0$aTerrorism$zGreat Britain$xHistory$y21st century.
=650  \0$aJournalism$zGreat Britain$xLanguage.
=650  \0$aDiscourse analysis$xPolitical aspects$zGreat Britain.
=650  \7$aSOCIAL SCIENCE / Popular Culture.$2bisacsh
=650  \7$aSOCIAL SCIENCE / Violence in Society.$2bisacsh
=650  \7$aSOCIAL SCIENCE / Media Studies.$2bisacsh
=852  11$aBritish Library$bHMNTS$kNRR$h302.23
=852  41$aBritish Library$bHMNTS$jSPIS363.32509421090511
=BUF  \\$aN$d20150610
=CAT  \\$aBATCH-CIPN$b00$c20150217$lBLL01$h1701
=CAT  \\$a11384$b40$c20150609$lBLL01$h1642
=CAT  \\$a10812$b40$c20150610$lBLL01$h0904
=CAT  \\$aBATCH-BUOC$b00$c20160630$lBLL01$h2124
=CAT  \\$aWR16_021$c20160716$lBLL01$h1818
=FIN  \\$aY$d20150610
=LAS  \\$aWR16_021$b00$c20160716$lBLL01$h1818

