=LDR  01435pam a2200409 i 4500
=001  017096357
=003  Uk
=005  20150805144608.0
=008  150127s2015\\\\enka\\\\\\\\\|0|0|0|eng|d
=FMT  \\$a  BK
=015  \\$aGBB530800$2bnb
=016  7\$a017096357$2Uk
=020  \\$a9781849548533
=040  \\$aStDuBDS$beng$cStDuBDS$dUk$erda
=042  \\$aukblsr
=082  04$a072.092$223
=100  1\$aThurlbeck, Neville,$d1961-$eauthor.
=245  10$aTabloid secrets :$bthe stories behind the headlines at the world's most famous newspaper /$cNeville Thurlbeck.
=264  \1$aLondon :$bBiteback Publishing,$c2015.
=300  \\$ax, 321 pages :$billustrations (black and white) ;$c23 cm
=336  \\$atext$2rdacontent
=337  \\$aunmediated$2rdamedia
=338  \\$avolume$2rdacarrier
=500  \\$aFormerly CIP.$5Uk
=650  \0$aPress$zGreat Britain$vAnecdotes.
=650  \0$aReporters and reporting$zGreat Britain$vAnecdotes.
=600  10$aThurlbeck, Neville,$d1961-
=630  00$aNews of the world.
=852  11$aBritish Library$bHMNTS$kNRR$h072.092
=852  41$aBritish Library$bHMNTS$jYK.2015.a.2826
=CAT  \\$aBATCH-CIPN$b00$c20150303$lBLL01$h1702
=CAT  \\$a11014$b40$c20150710$lBLL01$h1325
=CAT  \\$a11168$b40$c20150805$lBLL01$h1446
=CAT  \\$aBATCH-UPD$b40$c20150912$lBLL01$h1708
=CAT  \\$aWR16_021$c20160716$lBLL01$h1820
=FIN  \\$aY$d20150710
=LAS  \\$aWR16_021$b00$c20160716$lBLL01$h1820

