=LDR  02964pam a2200481 i 4500
=001  017105025
=003  Uk
=005  20161130141604.0
=008  160503s2015\\\\enkah\\\\b\\\\001\0\eng\\
=FMT  \\$a  BK
=010  \\$a  2016303203
=015  \\$aGBB534070$2bnb
=016  7\$a017105025$2Uk
=020  \\$a9781848843592 (pbk.) :$c£14.99
=020  \\$a1848843593 (pbk.)
=035  \\$a(OCoLC)ocn912626823
=040  \\$aStDuBDS$beng$cStDuBDS$dUk$erda
=042  \\$aukblcatcopy
=050  00$aCS452$b.E93 2015
=082  04$a929.10720429$223
=100  1\$aEvans, Beryl,$eauthor.
=245  10$aTracing your Welsh ancestors :$ba guide for family historians /$cBeryl Evans.
=264  \1$aBarnsley, South Yorkshire :$bPen & Sword Family History,$c2015.
=300  \\$ax, 212 pages :$billustrations, facsimiles ;$c24 cm
=336  \\$atext$2rdacontent
=336  \\$astill image$2rdacontent
=337  \\$aunmediated$2rdamedia
=338  \\$avolume$2rdacarrier
=500  \\$a"Published in association with the National Library of Wales, Aberystwyth."
=504  \\$aIncludes bibliographical references and index.
=520  \\$aFew previous publications have focused on Welsh family history, and none have provided a comprehensive guide to the genealogical information available and where to find it. That is why the publication of Beryl Evans's new Welsh family history handbook is such a significant event in the field. Her detailed, accessible, authoritative guide will be essential reading and reference for anyone who is eager to research ancestors from Wales. She describes the key archival sources and shows how the development of new technology, the internet in particular, has made them so much easier to explore. Drawing on her long experience of family history work, she gives clear practical advice on how to start a research project, and she sketches in the outlines of Welsh history, Welsh surnames and place-names and the Welsh language. But the main body of her book is devoted to identifying the variety of sources researchers can consult - the archive repositories, including The National Library of Wales, civil records of all kinds, the census, parish registers, wills, the records of churches, chapels, schools, businesses, tax offices and courts, and the wide range of printed records.Beryl Evans's handbook will be a basic text for researchers of Welsh descent and for anyone who is keen to learn about Welsh history.
=500  \\$aFormerly CIP.$5Uk
=651  \0$aWales$xGenealogy$vSources.
=651  \0$aWales$vGenealogy$vHandbooks, manuals, etc.
=852  11$aBritish Library$bHMNTS$kNRR$h929.3
=852  41$aBritish Library$bHMNTS$jYC.2016.a.11858
=CAT  \\$aBATCH-CIPN$b00$c20150310$lBLL01$h1701
=CAT  \\$a11168$b40$c20150723$lBLL01$h0834
=CAT  \\$aWR16_021$c20160716$lBLL01$h1821
=CAT  \\$a7183$b40$c20161130$lBLL01$h1416
=FIN  \\$aY$d20161130
=SRC  \\$aBLL02
=LAS  \\$a7183$b40$c20161130$lBLL01$h1416

