=LDR  01307 am a2200385 i 4500
=001  017126120
=003  Uk
=005  20160311144409.0
=008  810424s1979\\\\stkab\\\\\\\\o000\0\eng\d
=FMT  \\$a  BK
=035  \\$a(OCoLC)877291991$z(OCoLC)316346452
=040  \\$aNLE$beng$cNLE$dOCLCO$dOCLCQ$dUk
=042  \\$aukblsr
=043  \\$ae-uk-st
=082  04$a333.917$223
=100  1\$aMather, Alexander S.$q(Alexander Smith)
=245  10$aBeaches of Southwest Scotland /$cA.S. Mather.
=260  \\$a[Perth] :$b[Countryside Commission for Scotland],$c1979.
=300  \\$a2 v. :$bill., maps ;$c30 cm.
=336  \\$atext$btxt$2rdacontent
=337  \\$aunmediated$bn$2rdamedia
=338  \\$avolume$bnc$2rdacarrier
=650  \0$aBeaches$zScotland$zDunbartonshire.
=650  \0$aBeaches$zScotland$zDumfries and Galloway.
=650  \0$aBeaches$zScotland$zInverclyde.
=650  \0$aBeaches$zScotland$zAyrshire.
=710  2\$aUniversity of Aberdeen.$bDepartment of Geography.
=852  41$aBritish Library$bHMNTS$jYD.2016.b.261
=852  41$aBritish Library$bHMNTS$ivol. 2
=CAT  \\$a11131$b40$c20150325$lBLL01$h0804
=CAT  \\$aFIX-001$c20151007$lBLL01$h1812
=CAT  \\$a9665$b40$c20160311$lBLL01$h1444
=FIN  \\$aY$d20160311
=SID  \\$aZ39$bOCLC
=LAS  \\$a9665$b40$c20160311$lBLL01$h1444

