=LDR  01633cam a2200433 i 4500
=001  017164146
=003  Uk
=005  20160810090633.0
=008  150408s2015\\\\nyub\\\\\b|||\001|0|eng|d
=FMT  \\$a  BK
=015  \\$aGBB550754$2bnb
=016  7\$a017164146$2Uk
=020  \\$a9780393060324 (hbk.) :$c£45.00
=040  \\$aStDuBDS$beng$cStDuBDS$dUk$erda
=042  \\$aukblcatcopy
=082  04$a973.2$223
=100  1\$aBrown, Richard H.,$eauthor.
=245  10$aRevolution :$bmapping the road to American independence, 1755-1783 /$cRichard H. Brown, Paul E. Cohen.
=264  \1$aNew York :$bW.W. Norton & Company,$c2015.
=300  \\$a150 pages :$bmaps (black and white) ;$c33 cm
=336  \\$atext$2rdacontent
=336  \\$acartographic image$2rdacontent
=337  \\$aunmediated$2rdamedia
=338  \\$avolume$2rdacarrier
=504  \\$aIncludes bibliographical references and index.
=500  \\$aFormerly CIP.$5Uk
=651  \0$aUnited States$xHistory, Military$y18th century$vMaps$vEarly works to 1800.
=651  \0$aUnited States$xHistory$yRevolution, 1775-1783$vMaps$vEarly works to 1800.
=700  1\$aCohen, Paul E.,$eauthor.
=852  41$aBritish Library$bMAPS$jMaps.2017.b.6
=852  11$aBritish Library$bHMNTS$cSPHOA$kMaps.Ref L.5.(65)
=CAT  \\$aBATCH-CIPN$b00$c20150421$lBLL01$h1700
=CAT  \\$aBATCH-UPD$b00$c20150421$lBLL01$h1703
=CAT  \\$a9592$b40$c20151127$lBLL01$h1517
=CAT  \\$aWR16_021$c20160717$lBLL01$h1806
=CAT  \\$a10904$b40$c20160810$lBLL01$h0906
=CAT  \\$aBATCH-UPD$b40$c20220823$lBLL01$h2036
=FIN  \\$aY$d20160810
=LAS  \\$aBATCH-UPD$b40$c20220823$lBLL01$h2036

