=LDR  01667pam a2200445 i 4500
=001  017366431
=003  Uk
=005  20160209085740.0
=008  150511s2015\\\\nmuab\\\\b\\\\001|0|eng|d
=FMT  \\$a  BK
=015  \\$aGBB564734$2bnb
=016  7\$a017366431$2Uk
=020  \\$a9780826355478 (paperback) :$c£25.95
=020  \\$z9780826355485 (electronic)
=040  \\$aStDuBDS$beng$cStDuBDS$dUk$erda
=042  \\$aukblcatcopy
=082  04$a582.1309789$223
=100  10$aLittlefield, Larry J.,$eauthor.
=245  10$aWildflowers of the northern and central mountains of New Mexico :$bSangre de Cristo, Jemez, Sandia, and Manzano /$cLarry J. Littlefield, Pearl M. Burns.
=264  \1$aAlbuquerque :$bUniversity of New Mexico Press,$c2015.
=300  \\$axvi, 389 pages :$billustrations (colour), maps ;$c22 cm
=336  \\$atext$2rdacontent
=336  \\$astill image$2rdacontent
=336  \\$acartographic image$2rdacontent
=337  \\$aunmediated$2rdamedia
=338  \\$avolume$2rdacarrier
=504  \\$aIncludes bibliographical references and index.
=530  \\$aAlso published electronically.
=500  \\$aFormerly CIP.$5Uk
=650  \0$aWild flowers$zNew Mexico$vIdentification.
=700  1\$aBurns, Pearl M.,$eauthor.
=852  41$aBritish Library$bHMNTS$jYKL.2017.a.1564
=852  11$aBritish Library$bSTI$k(B)$i582.1309789
=CAT  \\$aBATCH-CIPN$b00$c20150519$lBLL01$h1700
=CAT  \\$a6923$b40$c20151130$lBLL01$h0931
=CAT  \\$aCOUTTS-2$b00$c20160126$lBLL01$h1752
=CAT  \\$a10904$b40$c20160209$lBLL01$h0857
=CAT  \\$aWR16_021$c20160717$lBLL01$h1809
=FIN  \\$aY$d20160209
=LAS  \\$aWR16_021$b00$c20160717$lBLL01$h1809

