=LDR  01637 am a2200445 i 4500
=001  017460756
=003  Uk
=005  20151117113846.0
=008  150723s2014\\\\gr\a\\\\\b\\\\001\0\eng\d
=FMT  \\$a  BK
=020  \\$a9786185047153 (set)
=020  \\$a9786185047160 (v. 1)
=020  \\$a9786185047177 (v. 2)
=020  \\$a6185047179
=035  \\$a(OCoLC)914395964
=035  \\$a(DE-604)BV042711518
=040  \\$aDEBBG$beng$cDEBBG$dUK$erda
=042  \\$aukblsr
=100  1\$aCosmopoulos, Michael B.,$d1963-$eauthor.
=245  14$aThe sanctuary of Demeter at Eleusis :$bthe Bronze Age /$cMichael B. Cosmopoulos.
=264  \1$aAthens :$bThe Archaeological Society at Athens,$c2014.
=300  \\$a2 volumes :$billustrations (black and white) ;$c28 cm.
=336  \\$atext$2rdacontent
=337  \\$aunmediated$2rdamedia
=338  \\$avolume$2rdacarrier
=490  1\$aThe Archaeological Society of Athens Library,$x1105-7785 ;$vno. 295-296
=504  \\$aIncludes bibliographical references and index.
=650  \0$aBronze age$zGreece$zEleusis.
=651  \0$aEleusis (Greece)$xAntiquities.
=651  \0$aEleusis (Greece)$xReligion.
=650  \0$aDemeter (Greek deity)
=710  2\$aArchaiologikē Hetaireia,$epublisher.
=830  \0$aVivliothēkē tēs en Athēnais Archaiologikēs Hetaireias,$x1105-7785 ;$var. 295-296.
=852  41$aBritish Library$bHMNTS$jAC.5202/9[295]
=852  41$aBritish Library$bHMNTS$iAc.5202/9[296]
=CAT  \\$a8197$b40$c20150729$lBLL01$h1413
=CAT  \\$a11070$b40$c20151117$lBLL01$h1138
=FIN  \\$aY$d20151117
=SID  \\$aZ39$bOCLC
=LAS  \\$a11070$b40$c20151117$lBLL01$h1138

