=LDR  01877 am a2200505 a 4500
=001  013619660
=003  Uk
=005  20070301104629.0
=008  061206s2006\\\\enka\\\\\b\\\\101\0\eng\\
=015  \\$aGBA715384$2bnb
=016  7\$a013619660$2Uk
=020  \\$a1901725294 (set : pbk.) :$cNo price
=020  \\$a1901725308 (CD-ROM) :$cNo price
=040  \\$aUk$beng$cUk
=042  \\$aukblsr
=082  04$a006.37$222
=111  2\$aBritish Machine Vision Conference$n(16th :$d2005 :$cOxford Brookes University)
=245  10$aBritish Machine Vision Conference 2005 /$cedited by W.F. Clocksin, A.W. Fitzgibbon and P.H.S. Torr.
=260  \\$a[Great Britain] :$bBMVA,$c[2006?].
=300  \\$a2 v. :$bill. ;$c24 cm. +$e1 CD-ROM.
=336  \\$atext$2rdacontent
=337  \\$aunmediated$2rdamedia
=338  \\$avolume$2rdacarrier
=500  \\$a"16th British Machine Vision Conference...Oxford Brookes University"--Foreword.
=500  \\$aTitle from cover.
=504  \\$aIncludes bibliographical references and index.
=650  \0$aComputer vision$vCongresses.
=700  1\$aClocksin, W. F.$q(William F.),$d1955-
=700  1\$aFitzgibbon, A. W.
=700  1\$aTorr, P. H. S.
=710  2\$aBritish Machine Vision Association.
=852  41$aBritish Library$bHMNTS$jEMC.2007.a.141$ivol. 2
=852  41$aBritish Library$bHMNTS$jEMC.2007.a.140$ivol. 1
=852  41$aBritish Library$bHMNTS$iCD-ROM
=CAT  \\$a12271$b40$c20061206$lBLL01$h0901
=CAT  \\$a12271$b40$c20061206$lBLL01$h0903
=CAT  \\$a12271$b40$c20061206$lBLL01$h0904
=CAT  \\$a12271$b40$c20061206$lBLL01$h0910
=CAT  \\$a11250$b40$c20070223$lBLL01$h1456
=CAT  \\$a11244$b40$c20070301$lBLL01$h0743
=CAT  \\$a11244$b40$c20070301$lBLL01$h1046
=CAT  \\$aWR16_021$c20160616$lBLL01$h1813
=FIN  \\$aY$d20070223
=FMT  \\$a  BK
=LAS  \\$aWR16_021$b00$c20160616$lBLL01$h1813

