=LDR  01510 am a2200445 a 4500
=001  013625402
=003  Uk
=005  20070108081645.0
=008  061213s2006\\\\enkab\\\\\\\\o000\0\eng\\
=015  \\$aGBA6A5630$2bnb
=016  7\$a013625402$2Uk
=020  \\$z9780118404872 (pbk.) :
=020  \\$a0118404822 (pbk.) :$c£13.50
=040  \\$aUk$beng$cUk
=042  \\$aukblsr
=082  04$a388.0941$222
=100  1\$aEddington, Rod,$d1950-
=245  14$aThe Eddington transport study :$bthe case for action: Sir Rod Eddington's advice to Government.
=260  \\$aNorwich :$bTSO,$c2006.
=300  \\$a62 p. :$bcol. ill., col. maps ;$c30 cm.
=336  \\$atext$2rdacontent
=337  \\$aunmediated$2rdamedia
=338  \\$avolume$2rdacarrier
=650  \0$aTransportation$xEnvironmental aspects$zGreat Britain.
=650  \0$aTransportation and state$zGreat Britain.
=650  00$aTransportation$xPlanning$zGreat Britain.
=650  00$aTransportation$zGreat Britain.
=710  2\$aStationery Office (Great Britain)
=852  11$aBritish Library$bSTI$k388.0941
=852  41$aBritish Library$bDSC$jm07/.10020
=BGT  \\$at
=CAT  \\$a10812$b40$c20061213$lBLL01$h1044
=CAT  \\$a10812$b40$c20061213$lBLL01$h1045
=CAT  \\$a10804$b40$c20061219$lBLL01$h1504
=CAT  \\$a11325$b40$c20061222$lBLL01$h1137
=CAT  \\$a11306$b40$c20070108$lBLL01$h0816
=CAT  \\$aWR16_021$c20160616$lBLL01$h1814
=FIN  \\$aY$d20061219
=FMT  \\$a  BK
=LAS  \\$aWR16_021$b00$c20160616$lBLL01$h1814

