=LDR  01490 am a2200445 a 4500
=001  013641001
=003  Uk
=005  20070301090947.0
=008  070110s2006\\\\enkab\\\\b\\\\000\0\eng\\
=015  \\$aGBA715320$2bnb
=016  7\$a013641001$2Uk
=020  \\$a1905184158 (v. 1) :$cNo price
=020  \\$z1904184166 (v. 2)
=020  \\$cNo price
=040  \\$aUk$beng$cUk
=042  \\$aukblsr
=082  04$a388.4642262$222
=100  10$aCooksey, Laurie A.
=245  14$aThe Selsey Tramway /$cby Laurie A. Cooksey.
=260  \\$aDidcot :$bWild Swan,$cc2006.
=300  \\$a2 v. :$bill., maps ;$c28 cm.
=336  \\$atext$2rdacontent
=337  \\$aunmediated$2rdamedia
=338  \\$avolume$2rdacarrier
=504  \\$aIncludes bibliographical references.
=610  20$aHundred of Manhood & Selsey Tramways Co. Ltd.$xHistory.
=650  \0$aRailroads, Local and light$zEngland$zWest Sussex$xHistory.
=852  41$aBritish Library$bHMNTS$jYC.2007.b.373$ivol. 1
=852  41$aBritish Library$bHMNTS$ivol. 2
=CAT  \\$a12324$b40$c20070110$lBLL01$h1422
=CAT  \\$a12324$b40$c20070110$lBLL01$h1423
=CAT  \\$a11250$b40$c20070223$lBLL01$h0928
=CAT  \\$a11250$b40$c20070223$lBLL01$h0932
=CAT  \\$a11250$b40$c20070223$lBLL01$h1016
=CAT  \\$a11244$b40$c20070301$lBLL01$h0909
=CAT  \\$aWR16_021$c20160617$lBLL01$h1804
=CAT  \\$aBATCH-UPD$b00$c20160617$lBLL01$h1812
=FIN  \\$aY$d20070223
=FMT  \\$a  BK
=LAS  \\$aBATCH-UPD$b00$c20160617$lBLL01$h1812

