=LDR  03229 cm a2200829 a 4500
=001  013647276
=003  Uk
=005  20121122141753.0
=008  010420m20002010sp\pta\\\bdhz\\n\\\\spa\\
=010  \\$a2001355363
=019  m\$aM09150139
=020  \\$a8400078810 (v. 1)
=020  \\$a8400078853 (set)
=020  \\$a8400081838 (v. 2)
=020  \\$a8400083334 (v. 3)
=020  \\$a9788486878177 (v. 4. SEeM)
=020  \\$a9788400090364 (v. 4. CSIC)
=024  2\$aM464382005 (v. 3)
=024  2\$aM162492010 (v. 4)
=035  \\$a(CStRLIN)NYBGAGF0480-C
=035  \\$a(NBISU)notisAGF0480
=035  \\$a(OCoLC)ocm47099225
=039  0\$a0703
=040  \\$aDLC$beng$cDLC$dCStRLIN$dUk
=043  \\$ae-sp---
=050  00$aM2$b.M4845 vol. 60, etc.$aM1579
=082  04$a782.5420946$222
=245  00$aLibro de tonos humanos :$b1655-1656 /$cedición a cargo de Mariano Lambea.
=260  \\$aBarcelona :$bConsejo Superior de Investigaciones Científicas, Institución "Milà i Fontanals", Departamento de Musicología,$c2000-2010.
=300  \\$a1 score (4 v.) :$bill. ;$c32 cm.
=336  \\$anotated music$2rdacontent
=337  \\$aunmediated$2rdamedia
=338  \\$avolume$2rdacarrier
=490  1\$aMonumentos de la música española ;$v60, 67, 71
=490  1\$aMúsica y la poesía en cancioneros polifónicos del siglo XVII ;$v1, 2, 4, 6
=500  \\$aEdited from a ms. in the Biblioteca Nacional, Madrid (M. 1262).
=500  \\$aFor 4 voices.
=500  \\$aVol. 2, 3 and 4 edited by Mariano Lambea and Lola Josa.
=504  \\$aIncludes bibliographical references and indexes.
=546  \\$aSpanish words.
=650  \0$aMusic$zSpain$y17th century.
=650  \0$aPart songs, Spanish$y17th century.
=700  1\$aJosa, Lola.
=700  1\$aLambea Castro, Mariano.
=710  2\$aInstitución Milá y Fontanals.$bDepartamento de Musicología.
=830  \0$aMonumentos de la música española ;$v60, 67, 71.
=830  \0$aMúsica y la poesía en cancioneros polifónicos del siglo XVII ;$v1, 2, 4, 6.
=852  41$aBritish Library$bDSC$cMUSIC$jH06/8794$ivol. 3
=852  41$aBritish Library$bDSC$cMUSIC$jH06/4872$ivol. 1
=852  41$aBritish Library$bDSC$cMUSIC$jH06/7583$ivol. 2
=852  41$aBritish Library$bMUSIC$jG.28./60
=852  41$aBritish Library$bDSC$cMUSIC$ivol. 4
=852  41$aBritish Library$bMUSIC$jG.28./71
=852  41$aBritish Library$bMUSIC$jG.28./67
=CAT  \\$a12418$b40$c20070808$lBLL01$h1250
=CAT  \\$a8870$b40$c20070118$lBLL01$h1205
=CAT  \\$a8870$b40$c20070129$lBLL01$h1350
=CAT  \\$aBATCH-UCMM$b00$c20090327$lBLL01$h1951
=CAT  \\$aBATCH-UCMM$b00$c20090327$lBLL01$h2003
=CAT  \\$aBATCH-UPD$b40$c20071220$lBLL01$h1202
=CAT  \\$aUCM-MCSU$c20090328$lBLL01$h1759
=CAT  \\$aBATCH$b00$c20090329$lBLL01$h1119
=CAT  \\$aBATCH$b00$c20091217$lBLL01$h0444
=CAT  \\$aBATCH$b00$c20100103$lBLL01$h1237
=CAT  \\$a8870$b40$c20121122$lBLL01$h1410
=CAT  \\$a8870$b40$c20121122$lBLL01$h1411
=CAT  \\$a8870$b40$c20121122$lBLL01$h1417
=FIN  \\$aY$d20070129
=FMT  \\$a  MU
=LAS  \\$a8870$b40$c20121122$lBLL01$h1417
=SID  \\$aZ39$bOXFORD
=SRC  \\$aDSC Music (UCM)$b20090327

