=LDR  01716 cm a2200505 a 4500
=001  013652074
=003  Uk
=005  20140227164113.0
=008  060929s2002\\\\enkuua\\\\\\\\\n\\\\zxx\d
=010  \\$a2006483913
=016  \\$a013652074
=035  \\$a(OCoLC)ocm51465206
=035  \\$a(OCoLC)51465206
=040  \\$aOBE$cOBE$dOCLCQ$dDLC$dUk
=042  \\$aukblsr
=045  2\$bd1968$bd1978
=048  \\$awa01$awb01$asc01$awd01$aba01$asa02$asb01$asc01
=050  00$aM962.K76$bP7 2002
=082  04$a785.42199$222
=100  1\$aKnussen, Oliver.
=245  10$aProcessionals :$bfor wind quintet and string quartet (1968, recomposed 1978), op. 2 /$cOliver Knussen.
=250  \\$aScore.
=260  \\$aHarlow :$bFaber Music,$c[2002?]
=300  \\$a1 score (37 p.) ;$c30 x 43 cm.
=336  \\$anotated music$2rdacontent
=337  \\$aunmediated$2rdamedia
=338  \\$avolume$2rdacarrier
=500  \\$aReproduced from holograph.
=500  \\$aDuration: ca. 12:00.
=600  10$aKnussen, Oliver$vManuscripts$vFacsimiles.
=650  \0$aMusic$vManuscripts$vFacsimiles.
=650  \0$aNonets (Bassoon, clarinet, flute, horn, oboe, violins (2), viola, cello)$vScores.
=852  41$aBritish Library$bMUSIC$jP.2271.(1.)
=852  41$aBritish Library$bDSC$cMUSIC
=985  \\$aRecord amended for WR# 13/070
=CAT  \\$a8870$b40$c20070124$lBLL01$h1641
=CAT  \\$a8870$b40$c20070920$lBLL01$h1316
=CAT  \\$aWR13_070$b00$c20130504$lBLL01$h0249
=CAT  \\$a12418$b40$c20140227$lBLL01$h1641
=CAT  \\$aWR16_021$c20160617$lBLL01$h1806
=CAT  \\$aBATCH-016$c20160905$lBLL01$h1711
=FIN  \\$aY$d20070920
=FMT  \\$a  MU
=LAS  \\$aBATCH-016$b00$c20160905$lBLL01$h1711
=SID  \\$aZ39$bLOC

