=LDR  01841 cm a2200517 a 4500
=001  013660413
=003  Uk
=005  20070206161622.0
=008  020617r20011689fr\snz\\\behi\\n\\\\zxx\d
=024  2\$aM230657167
=028  32$a5716$bFuzeau
=035  \\$a(OCoLC)ocm50011269
=040  \\$aISM$cISM$dUk
=041  0\$gfre$geng$gger
=048  \\$akn01
=082  04$a786.1858$222
=100  1\$aKuhnau, Johann,$d1660-1722.
=240  10$aNeuer Clavier Übung,$n1. T.
=245  10$aNeue Clavier-Übung.$nPartie I :$b1689 /$cJohann Khunau [i.e. Kuhnau] ; présentation par Philippe Lescat.
=260  \\$aCourlay :$bFuzeau,$cc2001.
=300  \\$axiv p., 104 p. of music ;$c24 x 32 cm.
=336  \\$anotated music$2rdacontent
=337  \\$aunmediated$2rdamedia
=338  \\$avolume$2rdacarrier
=490  1\$aFac-similé Jean-Marc Fuzeau
=490  1\$aCollection Dominantes
=500  \\$aFor keyboard instrument.
=500  \\$aFacsimile reprint, from copy in the British Library in London, Hirsch III. 351, of edition originally published: Leipzig, 1689.
=500  \\$aPref. in French, English and German.
=504  \\$aIncludes bibliographical references.
=650  \0$aSuites (Keyboard instrument)
=700  1\$aLescat, Philippe.
=830  \0$aFac-similé Jean-Marc Fuzeau.
=830  \0$aCollection Dominantes.
=852  \\$aBritish Library$bDSC$cMUSIC
=852  41$aBritish Library$bMUSIC$je.552.i.(1.)
=CAT  \\$a8870$b40$c20070206$lBLL01$h1616
=CAT  \\$aBATCH-UPD$b40$c20070506$lBLL01$h0007
=CAT  \\$aBATCH$b00$c20091217$lBLL01$h0446
=CAT  \\$aBATCH$b00$c20100103$lBLL01$h1239
=CAT  \\$aW1904-0451$c20190428$lBLL01$h1306
=CAT  \\$aBATCH-UPD$b00$c20190428$lBLL01$h1715
=FIN  \\$aY$d20070206
=FMT  \\$a  MU
=LAS  \\$aBATCH-UPD$b00$c20190428$lBLL01$h1715
=SID  \\$aZ39$bOXFORD

