=LDR  01925cam a2200517 a 4500
=001  013661405
=003  Uk
=005  20220630171146.0
=008  070123s2007\\\\enka\\\\\b\\\\001\0\eng\d
=FMT  \\$a  BK
=015  \\$aGBA710591$2bnb
=016  7\$a013661405$2Uk
=020  \\$a9781846286179 (hbk.) :$c£59.95
=020  \\$a1846286174 (hbk.) :$c£59.95
=020  \\$a9781846286186 (e-book) :$cNo price
=020  \\$a1846286182 (e-book) :$cNo price
=040  \\$aStDuBDS$beng$cStDuBDS$dUk
=042  \\$aukblcatcopy
=082  04$a629.231019$222
=245  00$aModelling driver behaviour in automotive environments :$bcritical issues in driver interactions with intelligent transport systems /$cCarlo Cacciabue, editor.
=260  \\$aLondon :$bSpringer,$cc2007.
=300  \\$axiv, 440 p. ;$bill. ;$c25 cm.
=336  \\$atext$2rdacontent
=337  \\$aunmediated$2rdamedia
=338  \\$avolume$2rdacarrier
=504  \\$aIncludes bibliographical references and index.
=500  \\$aFormerly CIP.$5Uk
=540  \\$aBritish Library not licensed to copy$c0$5Uk
=650  \0$aHuman behavior$xMathematical models.
=650  \0$aMotor vehicle driving$xMathematical models.
=650  \0$aDriver assistance systems.
=650  \0$aHuman engineering.
=700  1\$aCacciabue, Pietro C.
=852  11$aBritish Library$bSTI$k(B)629.231019
=852  41$aBritish Library$bDSC$jm08/.14365
=917  \\$aPriority processing
=CAT  \\$aBATCH-CIP$b00$c20070320$lBLL01$h1702
=CAT  \\$aBATCH$b00$c20070320$lBLL01$h1703
=CAT  \\$a11029$b40$c20070502$lBLL01$h1324
=CAT  \\$a7732$b40$c20070509$lBLL01$h1305
=CAT  \\$aWR16_021$c20160617$lBLL01$h1808
=CAT  \\$aBATCH-CLAB$c20220627$lBLL01$h2106
=CAT  \\$aIPL-CLA$c20220630$lBLL01$h1711
=CFI  0\$aBritish Library not licensed to copy$c0$e01-jul-2022$hC$iCFP Excluded$5Uk
=FIN  \\$aY$d20070509
=LAS  \\$aIPL-CLA$b00$c20220630$lBLL01$h1711

