=LDR  02777 am a2200697 a 4500
=001  013679776
=003  Uk
=005  20100121104353.0
=007  hd|afv|||baca
=008  070222m200u9999enk\\\\\a\\\\\000\0\mul\\
=015  \\$aGBA721689$2bnb
=016  7\$a013679776$2Uk
=040  \\$aUk$beng$cUk
=041  0\$aeng$amul
=042  \\$aukblsr
=082  04$a509$222
=245  00$aHistory of science and technology$h[microform].$nSeries one,$pThe papers of Sir Hans Sloane, 1660-1753, from the British Library, London.
=260  \\$aMarlborough :$bAdam Matthew,$c[2000]-
=300  \\$amicrofilm reels ;$c35 mm.
=336  \\$atext$2rdacontent
=337  \\$amicroform$2rdamedia
=338  \\$amicrofilm reel$2rdacarrier
=500  \\$aDescription based on: Pt. 4, published 2003.
=505  1\$apt. 4. Alchemy, chemistry & magic (reels 58-75) -- pt. 5. Alchemy, chemistry & magic (reels 76-93) -- pt. 6. The history of medicine, surgery and anatomy (reels 94-113) -- pt. 7. The history of medicine, surgery and anatomy (reels 114-134) -- pt. 8. The history of medicine, surgery and anatomy (reels 135-158) -- pt. 9. Cultural history (reels 159-178).
=546  \\$aIncludes text in English, Latin, Middle French and Egyptian.
=600  10$aSloane, Hans,$cSir,$d1660-1753$vArchives.
=610  20$aBritish Library$vArchives.
=650  \0$aScience$xHistory.
=650  \0$aScience$vEarly works to 1800.
=650  \0$aTechnology$xHistory.
=650  \0$aTechnology$vEarly works to 1800.
=650  \0$aManuscripts$zEngland$zLondon$vFacsimiles.
=710  2\$aBritish Library.
=852  41$aBritish Library$bHMNTS$ipt. 8
=852  41$aBritish Library$bHMNTS$jMic.A.20146$ipt. 9
=852  41$aBritish Library$bHMNTS$jMic.A.20165$ipt. 7
=852  41$aBritish Library$bHMNTS$jMic.A.20114$ipt. 6
=852  41$aBritish Library$bHMNTS$jMic.A.19883$ipt. 5
=852  41$aBritish Library$bHMNTS$jMic.A.19885$ipt. 4
=957  \\$r4/4/03$tMC/34491-02
=957  \\$r4/4/03$tMC/34491-03
=AQN  \\$aVOLUNTARY DEPOSIT
=CAT  \\$a11029$b40$c20070222$lBLL01$h0831
=CAT  \\$a11029$b40$c20070222$lBLL01$h0838
=CAT  \\$a11250$b40$c20070319$lBLL01$h1356
=CAT  \\$a11250$b40$c20070319$lBLL01$h1418
=CAT  \\$a11250$b40$c20081215$lBLL01$h1212
=CAT  \\$a12327$b40$c20090406$lBLL01$h0824
=CAT  \\$a6524$b40$c20100121$lBLL01$h1043
=CAT  \\$aWR16_021$c20160617$lBLL01$h1810
=FIN  \\$aY$d20070319
=FMT  \\$a  BK
=LAS  \\$aWR16_021$b00$c20160617$lBLL01$h1810
=LDO  \\$aLDO$bfilm
=LEO  \\$aMP5.0000020854
=LEO  \\$aMP13.0000236935
=LEO  \\$aMP5.0000020829
=LEO  \\$aMP13.0000236916
=SRC  \\$aBNB03$bbibmp5.200404.2.aa
=SRC  \\$aHSS01$bbibmp13.200404.2.aa
=SRC  \\$aLDS01$bbiblm.200404.2.aa

