=LDR  03578cam a2200805 a 4500
=001  013697887
=003  Uk
=005  20090119163209.0
=008  061031m20069999vauabc\j\\\\\\001\0\eng\d
=FMT  \\$a  BK
=015  \\$aGBA723585$2bnb
=016  7\$a013697887$2Uk
=020  \\$a9781933339016 (v. 1 : cased) :$cNo price
=020  \\$a1933339012 (v. 1 : cased) :$cNo price
=020  \\$a9781933339009 (v. 1 : pbk.) :$cNo price
=020  \\$a1933339004 (v. 1 : pbk.) :$cNo price
=020  \\$a9781933339054 (Activity bk. 1 : pbk.) :$cNo price
=020  \\$a1933339055 (Activity bk. 1 : pbk.) :$cNo price
=020  \\$a9781933339061 (Activity bk. 1 : looseleaf ed.) :$cNo price
=020  \\$a1933339063 (Activity bk. 1 : looseleaf ed.) :$cNo price
=020  \\$a9781933339108 (v. 2 : cased) :$cNo price
=020  \\$a1933339101 (v. 2 : cased) :$cNo price
=020  \\$a9781933339092 (v. 2 : pbk.) :$cNo price
=020  \\$a1933339098 (v. 2 : pbk.) :$cNo price
=020  \\$a9781933339115 (v. 2 : spiral) :$cNo price
=020  \\$a9781933339139 (Activity bk. 2 : pbk.) :$cNo price
=020  \\$a9781933339023 (v. 4 Test book and answer key : pbk.) :$cNo price
=020  \\$a1933339020 (v. 4 Test book and answer key : pbk.) :$cNo price
=035  \\$a(OCoLC)74717145
=040  \\$aZQP$cZQP$dZQP$dBAKER$dUk
=042  \\$aukblsr
=082  04$a909$222
=100  1\$aBauer, Susan Wise.
=245  14$aThe story of the world :$bhistory for the classical child /$cby Susan Wise Bauer ; illustrated by Jeff West.
=250  \\$aRev. ed.
=260  \\$aCharles City, Va. ;$a[London] :$bPeace Hill Press,$c2006-
=300  \\$av. :$bill., maps, ports. ;$c21 cm.
=336  \\$atext$2rdacontent
=337  \\$aunmediated$2rdamedia
=338  \\$avolume$2rdacarrier
=500  \\$aPrevious ed.: 2001-2005.
=505  1\$av. 1. Ancient times : from the earliest nomads to the last Roman emperor -- Activity bk. 1. Ancient times : from the earliest nomads to the last Roman emperor / with activities, maps, and drawings by Joyce Crandell ... [et al.] -- 2. The Middle Ages : from the fall of Rome to the rise of the Renaissance -- Activity bk. 2. The Middle Ages : from the fall of Rome to the rise of the Renaissance -- v. 4. The modern age : test book and answer key.
=500  \\$aIncludes index.
=650  \0$aWorld history$vJuvenile literature.
=700  1\$aWest, Jeff.
=700  1\$aCrandell, Joyce.
=852  41$aBritish Library$bHMNTS$ivol. 1
=852  41$aBritish Library$bHMNTS$jYKL.2023.b.1207
=852  41$aBritish Library$bHMNTS$jYK.2011.b.9322
=852  41$aBritish Library$bHMNTS$jYK.2008.b.771
=852  41$aBritish Library$bHMNTS$jYK.2007.a.17535$ivol. 2
=CAT  \\$a12323$b40$c20070319$lBLL01$h1235
=CAT  \\$a12323$b40$c20070319$lBLL01$h1241
=CAT  \\$a12323$b40$c20070319$lBLL01$h1243
=CAT  \\$a12323$b40$c20070319$lBLL01$h1245
=CAT  \\$a12323$b40$c20070319$lBLL01$h1249
=CAT  \\$a11009$b40$c20070323$lBLL01$h1324
=CAT  \\$a11009$b40$c20070329$lBLL01$h1409
=CAT  \\$a11009$b40$c20070330$lBLL01$h1503
=CAT  \\$a6923$b40$c20071011$lBLL01$h1155
=CAT  \\$a11071$b40$c20080208$lBLL01$h0908
=CAT  \\$a11071$b40$c20080208$lBLL01$h0920
=CAT  \\$a12271$b40$c20080624$lBLL01$h1158
=CAT  \\$a6524$b40$c20090119$lBLL01$h1632
=CAT  \\$aWR16_021$c20160617$lBLL01$h1813
=CAT  \\$a12167$b40$c20161128$lBLL01$h1146
=CAT  \\$aBATCH-UPD$b40$c20161128$lBLL01$h1150
=FIN  \\$aY$d20070329
=SID  \\$aZ39$bOCLC
=LAS  \\$aBATCH-UPD$b40$c20161128$lBLL01$h1150

