=LDR  03266pam a2200709 a 4500
=001  013709668
=003  Uk
=005  20140131132800.0
=008  070327m20069999mduac\\\\6\\\\000\j\eng\d
=015  \\$aGBA726731$2bnb
=016  7\$a013709668$2Uk
=020  \\$a9781888472554 (v. 1 : cased) :$cNo price
=020  \\$a1888472553 (v. 1 : cased) :$cNo price
=020  \\$a9781888472714 (v. 2 : cased) :$c£32.99
=020  \\$a1888472715 (v. 2 : cased) :$c£32.99
=020  \\$a9781603600071 (v. 2 : limited ed. : cased) :$cNo price
=020  \\$a9781603600118 (v. 3 : cased) :$cNo price
=020  \\$a9781603600231 (v. 3 : limited ed. : cased) :$cNo price
=020  \\$a9781616552909 (v. 4 : cased) :$c£37.99
=040  \\$aStDuBDS$beng$cStDuBDS$dUk
=042  \\$aukblsr
=082  04$a741.5973$222
=100  1\$aFeldstein, Albert B.
=245  10$aTales from the crypt /$c[written and edited by Al Feldstein].
=264  \1$3v. 1-v. 3$aTimonium, Md. :$bGemstone Publishing,$c[2006]-
=264  31$3v. 4-$aMilwaukie, OR :$bDark Horse Books
=300  \\$av. :$bill. (chiefly col.), ports. ;$c29 cm.
=336  \\$atext$2rdacontent
=337  \\$aunmediated$2rdamedia
=338  \\$avolume$2rdacarrier
=490  1\$aThe EC archives
=500  \\$a"All of the stories in this book were conceived in story conferences between EC publisher Bill Gaines and EC editor Al Feldstein, and were written and edited by Al Feldstein. Most of the original coloring of these stories is the work of EC colorist Marie Severin, and although all of these stories have been re-colored for this new edition, her style of coloring was followed to retain the integrity of the original EC comic books"--Vol. 1, P. 5.
=500  \\$aWriters and artists vary between stories.
=500  \\$aOriginally published in single magazine form.
=500  \\$aFormerly CIP.$5Uk
=505  1\$av. 2. Issues 7-12, Tales from the crypt #23-28 / foreword by Joe Dante -- v. 3. Issues 13-18, Tales from the crypt #29-34 / foreword by Robert M. Overstreet -- v. 4. Issues 35-40 / foreword by Russ Cochran.
=650  \0$aHorror comic books, strips, etc.
=650  \0$aYoung adult fiction, American.
=700  1\$aGaines, William M.
=700  1\$aSeverin, Marie.
=830  \0$aEC archives.
=852  41$aBritish Library$bHMNTS$ivol. 4
=852  41$aBritish Library$bHMNTS$jYK.2008.b.6632$ivol. 3
=852  41$aBritish Library$bHMNTS$jYK.2007.b.5914$ivol. 2
=CAT  \\$aBATCH-CIP$b00$c20070403$lBLL01$h1701
=CAT  \\$aBATCH$b00$c20070403$lBLL01$h1702
=CAT  \\$aBATCH$b00$c20070403$lBLL01$h1707
=CAT  \\$a12271$b40$c20071102$lBLL01$h1234
=CAT  \\$a11317$b40$c20071207$lBLL01$h0915
=CAT  \\$a11317$b40$c20080214$lBLL01$h0935
=CAT  \\$a12664$b40$c20081119$lBLL01$h1135
=CAT  \\$a11317$b40$c20081121$lBLL01$h1113
=CAT  \\$aBATCH$b00$c20091217$lBLL01$h0451
=CAT  \\$aBATCH$b00$c20100103$lBLL01$h1244
=CAT  \\$aBATCH-UPD$b00$c20110720$lBLL01$h1516
=CAT  \\$a11317$b40$c20140131$lBLL01$h1325
=CAT  \\$a11317$b40$c20140131$lBLL01$h1326
=CAT  \\$a11317$b40$c20140131$lBLL01$h1328
=CAT  \\$aWR16_021$c20160617$lBLL01$h1816
=FIN  \\$aY$d20071207
=FMT  \\$a  BK
=LAS  \\$aWR16_021$b00$c20160617$lBLL01$h1816

