=LDR  02774cam a2200721 a 4500
=001  013714834
=003  Uk
=005  20230924061802.0
=008  060130s2005\\\\fi\b\\\\\b\\\\001\0\eng\d
=FMT  \\$a  BK
=010  \\$a  2006421383
=020  \\$a9789514109683 (pbk.) :$cNo price
=020  \\$a9514109686 (pbk.) :$cNo price
=020  \\$a9514109678 (cased) :$cNo price
=035  \\$a(CStRLIN)PAUGV3963367-B
=035  \\$a(PU)3963367
=040  \\$aOSU$cOSU$dOSU$dYBM$dDLC$dUk
=042  \\$aukblsr
=050  00$aGR1$b.F55 no. 288
=100  1\$aRoper, Jonathan,$d1969-
=245  10$aEnglish verbal charms /$cby Jonathan Roper.
=260  \\$aHelsinki :$bSuomalainen Tiedeakatemia,$c2005.
=300  \\$a241 p. :$b1 map ;$c24 cm.
=336  \\$atext$2rdacontent
=337  \\$aunmediated$2rdamedia
=338  \\$avolume$2rdacarrier
=490  0\$aFF communications,$x0014-5815 ;$vno. 288
=504  \\$aIncludes bibliographical references (p. [225]-241) and index.
=540  \\$aCurrent Copyright Fee: GBP25.00$c0$5Uk
=650  \0$aCharms$zEngland$xHistory.
=650  \0$aIncantations$zEngland$xHistory.
=650  \0$aEnglish language$xRhyme$xHistory.
=710  2\$aSuomalainen Tiedeakatemia.
=710  2\$aFolklore Fellows.
=852  41$aBritish Library$bHMNTS$iAC.9883.c[No.288]
=852  41$aBritish Library$bDSC$j3914.150000$ino. 288
=CAT  \\$a7164$b40$c20070417$lBLL01$h1332
=CAT  \\$a10905$b40$c20090511$lBLL01$h1148
=CAT  \\$a10905$b40$c20090512$lBLL01$h0821
=CAT  \\$aBATCH-CLA$b00$c20140810$lBLL01$h1403
=CAT  \\$aBATCH-CLA$b00$c20161222$lBLL01$h1813
=CAT  \\$aBATCH-CLA$b00$c20161224$lBLL01$h0155
=CAT  \\$aIPL-CLA$c20161230$lBLL01$h2214
=CAT  \\$aBATCH-CLA$b00$c20171222$lBLL01$h2136
=CAT  \\$aIPL-CLA$c20171231$lBLL01$h1705
=CAT  \\$aBATCH-CLA$b00$c20191219$lBLL01$h1739
=CAT  \\$aIPL-CLA$c20191231$lBLL01$h1945
=CAT  \\$aR2001-1524$c20200127$lBLL01$h2022
=CAT  \\$aBATCH-CLA$b00$c20200128$lBLL01$h0414
=CAT  \\$aBATCH-CLA$b00$c20201204$lBLL01$h1542
=CAT  \\$aIPL-CLA$c20201231$lBLL01$h2220
=CAT  \\$aBATCH-CLA$b00$c20221221$lBLL01$h1852
=CAT  \\$aIPL-CLA$c20221231$lBLL01$h2135
=CAT  \\$aW2308-1659$c20230923$lBLL01$h1037
=CAT  \\$aBATCH-CLA$b00$c20230924$lBLL01$h0618
=CFI  0\$aCurrent Copyright Fee: GBP25.00$c0$e01-jan-2023$fGBP25.00$g0$hA$5Uk
=FIN  \\$aY$d20070417
=SRC  \\$aBLL02
=TCO  \\$aFIN$bKopiosto$c008
=ACF  \\$aPrevious Copyright Fee: GBP12.30$c0$e01-jan-2014$fGBP12.30$g0$hA$5Uk
=ACF  \\$aPrevious Copyright Fee: GBP15.00$c0$e01-jan-2017$fGBP15.00$g0$hA$5Uk
=ACF  \\$aPrevious Copyright Fee: GBP20.00$c0$e01-jan-2020$fGBP20.00$g0$hA$5Uk
=LAS  \\$aBATCH-CLA$b00$c20230924$lBLL01$h0618

