=LDR  02438caa a22005777a 4500
=001  013716608
=003  Uk
=005  20230302180327.0
=008  070418s2007\\\\enk\\\\\\\\\\\100\0\eng\\
=FMT  \\$a  BK
=040  \\$aUk$beng$cUk
=CNF  \\$aInstitute of Biomedical Science.$eNorthern Ireland Branch (Symposium)$d(2006 Oct :$cNewcastle, Northern Ireland)
=245  00$aInstitute of Biomedical Science, Northern Ireland Branch 2006 Mourne symposium.
=260  \\$bStep Publishing,$c2007.
=300  \\$ap. 263.
=336  \\$atext$2rdacontent
=337  \\$aunmediated$2rdamedia
=338  \\$avolume$2rdacarrier
=591  \\$aReport.
=540  \\$aCurrent Copyright Fee: GBP25.00$c0$5Uk
=653  1\$aBiomedical science
=653  2\$aIBMS
=710  2\$aInstitute of Biomedical Science.$bNorthern Ireland Branch
=852  41$aBritish Library$bHMNTS$jAc.3820.fb/7
=852  41$aBritish Library$bHMNTS$xNPL
=852  41$aBritish Library$bDSC$j2087.880150
=945  \\$aBiomedical scientist, ISSN 1352-7673 ; vol 51 no 4 2007
=CAT  \\$a7153$b40$c20070418$lBLL01$h0919
=CAT  \\$aBATCH-CLA$b00$c20120928$lBLL01$h1839
=CAT  \\$aBATCH-CLA$b00$c20120930$lBLL01$h1052
=CAT  \\$aBATCH-CLA$b00$c20130508$lBLL01$h0740
=CAT  \\$aBATCH-CLA$b00$c20131202$lBLL01$h0328
=CAT  \\$aIPL-CLA$c20140101$lBLL01$h0017
=CAT  \\$aBATCH-CLA$b00$c20161221$lBLL01$h2031
=CAT  \\$aIPL-CLA$c20161230$lBLL01$h2214
=CAT  \\$aBATCH-CLA$b00$c20171221$lBLL01$h1321
=CAT  \\$aIPL-CLA$c20171231$lBLL01$h1705
=CAT  \\$aBATCH-CLA$b00$c20200218$lBLL01$h0435
=CAT  \\$aBATCH-CLA$b00$c20201203$lBLL01$h1417
=CAT  \\$aIPL-CLA$c20201231$lBLL01$h2220
=CAT  \\$aBATCH-CLA$b00$c20221206$lBLL01$h1801
=CAT  \\$aIPL-CLA$c20221231$lBLL01$h2135
=CAT  \\$aBATCH-CLA$b00$c20230302$lBLL01$h1803
=CFI  0\$aCurrent Copyright Fee: GBP25.00$c0$e09-feb-2023$fGBP25.00$g0$hC$5Uk
=FIN  \\$aY$d20070418
=LKR  \\$aANA$b012488835$lBLL01$nBiomedical scientist.$r773$y2007$v51$i4$mInstitute of Biomedical Science, Northern Ireland Branch 2006 Mourne symposium
=TCO  \\$aCLA$bCLA$c008
=ACF  \\$aPrevious Copyright Fee: GBP12.00$c0$e01-oct-2012$fGBP12.00$g0$hC$5Uk
=ACF  \\$aPrevious Copyright Fee: GBP12.30$c0$e01-jan-2014$fGBP12.30$g0$hC$5Uk
=ACF  \\$aPrevious Copyright Fee: GBP20.00$c0$e01-jan-2020$fGBP20.00$g0$hC$5Uk
=LAS  \\$aBATCH-CLA$b00$c20230302$lBLL01$h1803

