=LDR  01425cam a2200421 a 4500
=001  013717201
=003  Uk
=005  20100716114258.0
=008  060913s2006\\\\th\a\\\\\\\\\\001\0\eng\\
=FMT  \\$a  BK
=010  \\$a  2006343796
=020  \\$a9789749412589 (pbk.)
=020  \\$a9749412583 (pbk.)
=040  \\$aDLC$beng$cDLC$dUk
=042  \\$aukblsr
=043  \\$aa-th---
=100  0\$aVasit Dejkunjorn.
=240  10$aRoy phra yugalabaht.$lEnglish
=245  10$aIn his majesty's footsteps :$ba personal memoir /$cVasit Dejkunjorn ; translator, Busakorn Suriyasarn ; editor, Christopher G. Moore.
=260  \\$aBangkok :$bHeaven Lake Press,$c2006.
=300  \\$avi, 307 p. :$bill. ;$c24 cm.
=336  \\$atext$2rdacontent
=337  \\$aunmediated$2rdamedia
=338  \\$avolume$2rdacarrier
=500  \\$aIncludes index.
=600  00$aBhumibol Adulyadej,$cKing of Thailand,$d1927-2016.
=651  \0$aThailand$xKings and rulers$vBiography.
=700  0\$aBusakorn Suriyasarn.
=700  1\$aMoore, Christopher,$d1946-
=852  41$aBritish Library$bOC$jYD.2010.a.10264
=852  41$aBritish Library$bOC$xStaff Reference.
=CAT  \\$a6191$b40$c20070418$lBLL01$h1458
=CAT  \\$a10905$b40$c20100716$lBLL01$h1142
=CAT  \\$aBATCH-UPD$b40$c20161015$lBLL01$h1744
=CAT  \\$aW2308-1659$c20230923$lBLL01$h1037
=FIN  \\$aY$d20100716
=SRC  \\$aBLL02
=LAS  \\$aW2308-1659$b00$c20230923$lBLL01$h1037

