=LDR  02540 cm a2200589 a 4500
=001  013733025
=003  Uk
=005  20150105163945.0
=008  070411r20071984nyucrae\\\\\\\\n\\\\zxx\d
=016  \\$a013733025
=020  \\$a9780193856158
=020  \\$a0193856158
=035  \\$a(UkOxU)UkOxUb16250011
=040  \\$aUkOxU$beng$cUkOxU$dUk
=042  \\$aukblsr
=082  04$a785.91981723$223
=245  00$aEight carol accompaniments for brass octet /$cDavid Willcocks (arr.).
=260  \\$a[New York] :$bOxford University Press,$c[2007?], c1984.
=300  \\$a1 score (8 p.) + 1 set of parts ;$c31 cm.
=336  \\$anotated music$2rdacontent
=337  \\$aunmediated$2rdamedia
=338  \\$avolume$2rdacarrier
=490  1\$aOxford Christmas music
=500  \\$aFor 4 trumpets, 3 trombones, tuba, percussion and organ.
=500  \\$aScore is for nos. 2a and 4a only. For the other items the full score is in 'Carols for choirs 1' and 'Carols for choirs 2.'
=500  \\$aIncludes biographical note.
=500  \\$aParts are reprints. Originally published: Oxford : Oxford University Press, 1984.
=505  0\$aOnce in royal David's city -- Fanfare leading to O come all ye faithful -- O come all ye faithful -- The first nowell -- Fanfare, preceding or following Hark! the herald angels sing -- Hark! the herald angels sing -- While shepherds watched their flocks -- God rest you merry gentlemen -- It came upon the midnight clear -- Unto us is born a son.
=546  \\$bStaff notation.
=650  \0$aCarols, English.
=650  \0$aFanfares.
=650  \0$aChoruses, Sacred (Mixed voices) with instrumental ensemble$vParts.
=700  1\$aWillcocks, David,$d1919-2015,$earranger of music.
=830  \0$aOxford Christmas music.
=852  41$aBritish Library$bDSC$cMUSIC
=852  41$aBritish Library$bMUSIC$jg.1079.mm.(9.)
=BUF  \\$aNM$d20070704
=CAT  \\$aBATCH-ALDL$b00$c20070427$lBLL01$h0933
=CAT  \\$a12327$b40$c20070704$lBLL01$h1332
=CAT  \\$aaldl-corr8$c20070713$lBLL01$h1633
=CAT  \\$aBATCH-BUOC$b00$c20070802$lBLL01$h2136
=CAT  \\$aBATCH$b00$c20091217$lBLL01$h0453
=CAT  \\$aBATCH$b00$c20100103$lBLL01$h1246
=CAT  \\$a12274$b40$c20150105$lBLL01$h1639
=CAT  \\$aBATCH-UPD$b40$c20150920$lBLL01$h2127
=CAT  \\$aWR16_021$c20160617$lBLL01$h1818
=CAT  \\$aBATCH-016$c20160905$lBLL01$h1712
=CAT  \\$aW1904-0451$c20190428$lBLL01$h1306
=FIN  \\$aY$d20150105
=FMT  \\$a  MU
=LAS  \\$aW1904-0451$b00$c20190428$lBLL01$h1306
=SID  \\$aZ39$bOXFORD

