=LDR  01996cam a2200541 a 4500
=001  013744966
=003  Uk
=005  20220630171213.0
=008  070411s2007\\\\ne\ac\\\\b\\\\000\0\eng\d
=FMT  \\$a  BK
=015  \\$aGBA752407$2bnb
=016  7\$a013744966$2Uk
=020  \\$a9781402059483 (hbk.) :$cNo price
=020  \\$a1402059485 (hbk.) :$cNo price
=020  \\$a9781402059490 (ebook) :$cNo price
=020  \\$z1402059403 (ebook) :$cNo price
=040  \\$aStDuBDS$beng$cStDuBDS$dUk
=042  \\$aukblsr
=082  04$a670.72$222
=245  00$aMicromanufacturing :$binternational research and development /$cby Kornel F. Ehmann ... [et al.].
=260  \\$aDordrecht :$bSpringer,$cc2007.
=300  \\$axxxiv, 362 p. :$bill., ports. ;$c25 cm.
=336  \\$atext$2rdacontent
=337  \\$aunmediated$2rdamedia
=338  \\$avolume$2rdacarrier
=504  \\$aIncludes bibliographical references.
=500  \\$aFormerly CIP.$5Uk
=540  \\$aBritish Library not licensed to copy$c0$5Uk
=650  \0$aMicrofabrication$xResearch.
=650  \0$aMicrofabrication$xResearch$zAsia$vCase studies.
=650  \0$aMicrofabrication$xResearch$zEurope$vCase studies.
=650  \0$aMicrofabrication.
=700  1\$aEhmann, K. F.$q(Kornel F.).
=852  11$aBritish Library$bHMNTS$k(B)$h670.72
=852  41$aBritish Library$bDSC$jm07/.23625
=CAT  \\$aBATCH-APP$b00$c20070515$lBLL01$h0934
=CAT  \\$aBATCH$b00$c20070515$lBLL01$h0935
=CAT  \\$aBATCH$b00$c20070515$lBLL01$h0937
=CAT  \\$a8980$b40$c20070529$lBLL01$h1401
=CAT  \\$a12664$b40$c20070702$lBLL01$h0935
=CAT  \\$a6632$b40$c20070705$lBLL01$h1159
=CAT  \\$aWR16_021$c20160617$lBLL01$h1820
=CAT  \\$aBATCH-CLAB$c20220627$lBLL01$h2105
=CAT  \\$aBATCH-UPD$b00$c20220627$lBLL01$h2250
=CAT  \\$aIPL-CLA$c20220630$lBLL01$h1712
=CFI  0\$aBritish Library not licensed to copy$c0$e01-jul-2022$hC$iCFP Excluded$5Uk
=FIN  \\$aY$d20070529
=LAS  \\$aIPL-CLA$b00$c20220630$lBLL01$h1712

