=LDR  02169pam a2200577 a 4500
=001  013746786
=003  Uk
=005  20180703173233.0
=008  070426m20079999nyua\\\j\\\\\\000\c\eng\d
=015  \\$aGBA737624$2bnb
=016  7\$a013746786$2Uk
=020  \\$a9781934413036 (v. 1 : pbk.) :$c£9.99
=020  \\$a1934413038 (v. 1 : pbk.) :$c£9.99
=020  \\$a9781934413104 (v. 2 : pbk.) :$c£9.99
=020  \\$a1934413100 (v. 2 : pbk.) :$c£9.99
=020  \\$a9781934413340 (v. 3 : pbk.) :$c£9.99
=020  \\$a1934413348 (v. 3 : pbk.) :$c£9.99
=040  \\$aStDuBDS$beng$cStDuBDS$dUk
=042  \\$aukblsr
=082  04$a741.5954$222
=245  04$aThe Sadhu.
=260  \\$aNew York, N.Y. :$bVirgin Comics ;$a[London :$bDiamond, distributor],$c2007-
=300  \\$av. :$bchiefly col. ill. ;$c26 cm.
=336  \\$atext$2rdacontent
=337  \\$aunmediated$2rdamedia
=338  \\$avolume$2rdacarrier
=500  \\$aOriginally published in single comic-book form.
=500  \\$aFormerly CIP.$5Uk
=505  1\$av. 1. [When realities collide] / script, Gotham Chopra ; art, Jeevan Kang ... [et al.] -- v. 2. The silent ones / script, Saurav Mohapatra ; art, R. Manikandan.
=650  \0$aSadhus$vComic books, strips, etc.$vFiction.
=655  \0$aFantasy comic books, strips, etc.
=655  \0$aYoung adult fiction.
=700  1\$aChopra, Gotham,$d1975-
=700  1\$aKang, Jeevan.
=700  1\$aMohapatra, Saurav,$d1978-
=700  1\$aManikandan, R.
=852  41$aBritish Library$bHMNTS$ivol. 2
=852  41$aBritish Library$bHMNTS$jYK.2008.b.3465$ivol. 1
=852  41$aBritish Library$bHMNTS$jYK.2008.b.5132
=CAT  \\$aBATCH-CIP$b00$c20070515$lBLL01$h1701
=CAT  \\$aBATCH$b00$c20070515$lBLL01$h1703
=CAT  \\$aBATCH$b00$c20070515$lBLL01$h1709
=CAT  \\$a8479$b40$c20071121$lBLL01$h1202
=CAT  \\$a11317$b40$c20080620$lBLL01$h0943
=CAT  \\$a11317$b40$c20080918$lBLL01$h1447
=CAT  \\$aBATCH-UPD$b40$c20090123$lBLL01$h0232
=CAT  \\$aWR16_021$c20160617$lBLL01$h1821
=CAT  \\$aW1806-2088$c20180703$lBLL01$h1732
=FIN  \\$aY$d20080620
=FMT  \\$a  BK
=LAS  \\$aW1806-2088$b00$c20180703$lBLL01$h1732

