=LDR  01919pam a2200553 a 4500
=001  013761018
=003  Uk
=005  20090122130145.0
=008  070521s2007\\\\stk\\\\\\d\\\\000\0\eng\\
=015  \\$aGBA742746$2bnb
=016  7\$a013761018$2Uk
=020  \\$a9780007252756 :$c£35.00
=020  \\$a0007252757 :$c£35.00
=040  \\$aStDuBDS$beng$cStDuBDS$dUk
=041  0\$aeng$ager
=042  \\$aukblsr
=082  04$a433.21$222
=245  00$aCollins German dictionary /$c[senior editors, Maree Airlie, Joyce Littlejohn ; editors, Susie Beattie, Eveline Ohneis-Borzacchiello].
=246  18$aCollins dictionary German
=250  \\$a7th ed.
=260  \\$aGlasgow :$bCollins,$c2007.
=300  \\$axxvi, 2103 p. ;$c27 cm.
=336  \\$atext$2rdacontent
=337  \\$aunmediated$2rdamedia
=338  \\$avolume$2rdacarrier
=500  \\$a"Complete & unabridged"--Spine.
=500  \\$aFormerly CIP.$5Uk
=650  \0$aGerman language$vDictionaries$xEnglish.
=650  \0$aEnglish language$vDictionaries$xGerman.
=700  1\$aAirlie, Maree.
=700  1\$aLittlejohn, Joyce.
=852  11$aBritish Library$bHMNTS$kRAR$h433
=852  11$aBritish Library$bHMNTS$kOIA$h433
=852  11$aBritish Library$bHMNTS$kOPL$hIndex
=852  11$aBritish Library$bHMNTS$kMSS$h433
=852  41$aBritish Library$bHMNTS$jYC.2009.b.1421
=852  41$aBritish Library$bDSC$jQ433.21
=852  41$aBritish Library$bHMNTS$kHUD$hGER
=852  41$aBritish Library$bHMNTS$kMaps Ref.$hB.1.(7.)
=CAT  \\$aBATCH-CIP$b00$c20070605$lBLL01$h1701
=CAT  \\$aBATCH$b00$c20070605$lBLL01$h1702
=CAT  \\$aBATCH$b00$c20070605$lBLL01$h1708
=CAT  \\$a10983$b40$c20081219$lBLL01$h1502
=CAT  \\$a9671$b40$c20090122$lBLL01$h1300
=CAT  \\$a9671$b40$c20090122$lBLL01$h1301
=CAT  \\$aWR16_021$c20160617$lBLL01$h1823
=FIN  \\$aY$d20090122
=FMT  \\$a  BK
=LAS  \\$aWR16_021$b00$c20160617$lBLL01$h1823

