=LDR  02424cam a2200649 a 4500
=001  013767356
=003  Uk
=005  20080918134249.0
=008  070611m20042007enka\\\\\\\\\\001\0\eng\d
=FMT  \\$a  BK
=015  \\$aGBA745316$2bnb
=016  7\$a013767356$2Uk
=020  \\$a9780748780822 (bk. 1 : pbk) :$c£18.95
=020  \\$a0748780823 (bk. 1 : pbk) :$c£18.95
=020  \\$a9780748780990 (bk. 2 : pbk.) :$c£18.95
=020  \\$a0748780998 (bk. 2 : pbk.) :$c£18.95
=020  \\$a9780748784356 (bk. 3 : pbk.) :$c£14.00
=020  \\$a0748784357 (bk. 3 : pbk.) :$c£14.00
=040  \\$aStDuBDS$beng$cStDuBDS$dUk
=042  \\$aukblsr
=082  04$a629.2$222
=100  1\$aHillier, V. A. W.$q(Victor Albert Walter)
=245  10$aHillier's fundamentals of motor vehicle technology.
=246  30$aFundamentals of motor vehicle technology
=250  \\$a5th ed.
=260  \\$aCheltenham :$bNelson Thornes,$c2004-
=300  \\$av. :$bill. ;$c28 cm.
=336  \\$atext$2rdacontent
=337  \\$aunmediated$2rdamedia
=338  \\$avolume$2rdacarrier
=500  \\$aIncludes index.
=505  1\$abk. 2. Powertrain electronics / V.A.W. Hillier & Peter Coombes -- bk. 3. Chassis and body electronics / V.A.W. Hillier & David R. Rogers.
=500  \\$aDescription based on bk. 3.
=500  \\$aFormerly CIP.$5Uk
=650  \0$aMotor vehicles.
=650  \0$aMotor vehicles$xTechnological innovations.
=700  12$aHillier, V. A. W.$q(Victor Albert Walter).$tPowertrain electronics.
=700  12$aHillier, V. A. W.$q(Victor Albert Walter).$tChassis and body electronics.
=700  1\$aCoombes, Peter.
=700  1\$aRogers, David$q(David R.).
=852  41$aBritish Library$bHMNTS$jYK.2008.b.5093
=852  41$aBritish Library$bHMNTS$ibk. 3
=852  41$aBritish Library$bHMNTS$jYKL.2023.b.5811
=CAT  \\$aBATCH-CIP$b00$c20070612$lBLL01$h1701
=CAT  \\$aBATCH$b00$c20070612$lBLL01$h1703
=CAT  \\$aBATCH$b00$c20070612$lBLL01$h1712
=CAT  \\$a11009$b40$c20080912$lBLL01$h1421
=CAT  \\$a11009$b40$c20080918$lBLL01$h1342
=CAT  \\$aWR16_021$c20160617$lBLL01$h1825
=CAT  \\$aBATCH-UPD$b00$c20160617$lBLL01$h2051
=CAT  \\$aBATCH-UPD$b00$c20230222$lBLL01$h1201
=FIN  \\$aY$d20080918
=LDO  \\$aCIP
=LEO  \\$aMP5.0000227102
=SRC  \\$aLDS01$bbiblm.200404.2.aa
=SRC  \\$aBNB03$bbibmp5.200404.2.aa
=LAS  \\$aBATCH-UPD$b00$c20230222$lBLL01$h1201

