=LDR  02497aam a2200553 a 4500
=001  013783640
=003  Uk
=005  20080124214428.0
=008  070713s2007\\\\nyua\\\\\bc\\\001\0\eng\\
=010  \\$a  2007028957
=015  \\$aGBA751048$2bnb
=016  7\$a013783640$2Uk
=020  \\$a9781588392251 (hbk.) :$c£45.00
=020  \\$a9780300124057 (Yale University : (hbk.) :$c£45.00
=020  \\$a0300124058 (hbk.) :$c£45.00
=040  \\$aStDuBDS$beng$cStDuBDS$dUk
=042  \\$aukblsr
=043  \\$ae-uk---
=050  00$aTR395$b.T39 2007
=082  00$a779.092$222
=100  1\$aTaylor, Roger,$d1940-
=245  10$aImpressed by light :$bBritish photographs from paper negatives, 1840-1860 /$cRoger Taylor ; biographical dictionary by Larry J. Schaaf in collaboration with Roger Taylor.
=260  \\$aNew York :$bMetropolitan Museum of Art ;$aWashington :$bNational Gallery of Art ;$aNew Haven ;$aLondon :$bYale University Press,$c2007.
=300  \\$axiv, 438 p. :$bill. (some col.) ;$c26 x 30 cm.
=336  \\$atext$2rdacontent
=337  \\$aunmediated$2rdamedia
=338  \\$avolume$2rdacarrier
=500  \\$aFormerly CIP.$5Uk
=504  \\$aIncludes bibliographical references (p. 414-426) and index.
=505  0\$aPhotography and an age of paradox -- The formative years : the calotype in the 1840s -- The great exhibition of 1851 -- Battling patents and gaining legitimacy -- The calotype finds its place -- Subjects fit for the camera -- British sensibilities 1855-1857 -- Echoes of the grand tour -- Under an Indian sky -- Commercialism advances, the calotype declines.
=650  \0$aCalotype$zGreat Britain$xHistory$y19th century$vExhibitions.
=700  1\$aSchaaf, Larry J.$q(Larry John),$d1947-
=710  2\$aMetropolitan Museum of Art (New York, N.Y.)
=710  2\$aNational Gallery of Art (U.S.)
=852  41$aBritish Library$bOC$xStaff Reference
=852  41$aBritish Library$bHMNTS$jLC.31.a.4505
=852  41$aBritish Library$bDSC$jfm07/.1425
=BUF  \\$aN$d20071105
=CAT  \\$aBATCH-CIP$b00$c20070703$lBLL01$h1701
=CAT  \\$aBATCH$b00$c20070703$lBLL01$h1703
=CAT  \\$aBATCH$b00$c20070703$lBLL01$h1711
=CAT  \\$aBATCH$b00$c20071003$lBLL01$h1549
=CAT  \\$aBATCH$b00$c20071003$lBLL01$h1551
=CAT  \\$a9678$b40$c20071105$lBLL01$h1347
=CAT  \\$aBATCH-BUOC$b00$c20080124$lBLL01$h2144
=CAT  \\$aWR16_021$c20160617$lBLL01$h1827
=FIN  \\$aY$d20071105
=FMT  \\$a  BK
=LAS  \\$aWR16_021$b00$c20160617$lBLL01$h1827

