=LDR  03711pam a2200841 a 4500
=001  013790164
=003  Uk
=005  20110503160910.0
=008  070628m20072011enka\\\\\6\\\\000\1\eng\d
=015  \\$aGBA754258$2bnb
=016  7\$a013790164$2Uk
=020  \\$a9781905239306 (v. 1 : pbk.) :$c£15.99
=020  \\$a1905239300 (v. 1 : pbk.) :$c£15.99
=020  \\$a9781905239726 (v. 2 : pbk.) :$c£15.99
=020  \\$a1905239726 (v. 2 : pbk.) :$c£15.99
=020  \\$a9781846534010 (v. 3 : pbk.) :$c£15.99
=020  \\$a1846534011 (v. 3 : pbk.) :$c£15.99
=020  \\$a9781846534331 (v. 4 : pbk.) :$c£15.99
=020  \\$a184653433X (v. 4 : pbk.) :$c£15.99
=020  \\$a9781846534591 (v. 5 : pbk.)
=040  \\$aStDuBDS$beng$cStDuBDS$dUk
=042  \\$aukblsr
=082  04$a741.5941$222
=245  00$aCaptain Britain.
=260  \\$aTunbridge Wells :$bPanini,$c2007-2011.
=300  \\$a5 v. :$bchiefly ill. (some col.) ;$c27 cm.
=336  \\$atext$2rdacontent
=337  \\$aunmediated$2rdamedia
=338  \\$avolume$2rdacarrier
=490  1\$aMarvel graphic novel
=500  \\$aVol. 3 has imprint: Tunbridge Wells : Marvel.
=500  \\$a"Contains material originally published in magazine form as Captain Britain weekly #23-39 and Super Spider-Man weekly #231-238 ... 1977"--Vol. 2, t.p. verso.
=500  \\$a"Collecting Super Spider-Man & Captain Britain weekly #239-247, Marvel team-up #65-66 and Hulk comic weekly #1, 3-30"--Vol. 3, back cover.
=500  \\$a"Collecting Hulk comic weekly #42-55, 57-63, Marvel super heroes #377-378 and The Daredevils #1-11"--Vol. 4, back cover.
=500  \\$a"Contains material originally published in magazine form as Mighty world of Marvel #7-16 and Captain Britain volume 2 #1-14"--Vol. 5, indicia.
=500  \\$aFormerly CIP.$5Uk
=505  0\$av. 1. The birth of a legend / Chris Claremont, Herb Trimpe -- v. 2. A hero reborn / Gary Friedrich ... [et al.] -- v. 3. The lion and the spider / Chris Claremont ... [et al.] -- v. 4. The siege of Camelot / Alan Moore ... [et al.] -- v. 5. End game / Alan Moore, Alan Davis, Jamie Delano.
=650  \0$aScience fiction comic books, strips, etc.
=700  1\$aClaremont, Chris,$d1950-
=700  1\$aTrimpe, Herb.
=700  1\$aFriedrich, Gary.
=700  1\$aMoore, Alan,$d1953-
=700  1\$aDelano, Jamie.
=700  1\$aDavis, Alan,$d1956-
=700  12$aClaremont, Chris,$d1950-$tBirth of a legend.
=700  12$aMoore, Alan,$d1953-$tEnd game.
=740  02$aHero reborn.
=740  02$aLion and the spider.
=740  02$aSiege of Camelot.
=830  \0$aMarvel graphic novel.
=852  41$aBritish Library$bHMNTS$ivol. 4
=852  41$aBritish Library$bHMNTS$jYK.2010.b.6187$ivol. 3
=852  41$aBritish Library$bHMNTS$ivol. 2
=852  41$aBritish Library$bHMNTS$jYK.2011.b.7809$ivol. 5
=CAT  \\$aBATCH-CIP$b00$c20070710$lBLL01$h1702
=CAT  \\$aBATCH$b00$c20070710$lBLL01$h1704
=CAT  \\$aBATCH$b00$c20070710$lBLL01$h1712
=CAT  \\$a12271$b40$c20080403$lBLL01$h1603
=CAT  \\$a11317$b40$c20080529$lBLL01$h0912
=CAT  \\$a11317$b40$c20080529$lBLL01$h0913
=CAT  \\$a11317$b40$c20080529$lBLL01$h0916
=CAT  \\$aBATCH$b00$c20091217$lBLL01$h0500
=CAT  \\$aBATCH$b00$c20100103$lBLL01$h1253
=CAT  \\$a11317$b40$c20100526$lBLL01$h1212
=CAT  \\$a11317$b40$c20100526$lBLL01$h1349
=CAT  \\$aBATCH-UPD$b40$c20100530$lBLL01$h1456
=CAT  \\$a11317$b40$c20100611$lBLL01$h0940
=CAT  \\$a11317$b40$c20100611$lBLL01$h0942
=CAT  \\$a11317$b40$c20110503$lBLL01$h1609
=CAT  \\$aWR16_021$c20160617$lBLL01$h1829
=FIN  \\$aY$d20080529
=FMT  \\$a  BK
=LAS  \\$aWR16_021$b00$c20160617$lBLL01$h1829

