=LDR  02640pam a2200649 a 4500
=001  015337692
=003  Uk
=005  20180703173912.0
=008  090312m20099999nyua\\\j\6\\\\000\1\eng\d
=015  \\$aGBA975097$2bnb
=016  7\$a015337692$2Uk
=020  \\$a9781848564534 (v. 1 : Titan : pbk.) :$c£10.99
=020  \\$a1848564538 (v. 1 : Titan : pbk.) :$c£10.99
=020  \\$a9781401224714 (v. 1 : DC Comics : pbk.)
=020  \\$a1401224717 (v. 1 : DC Comics : pbk.)
=020  \\$a9781848569775 (v. 2 : Titan : pbk.) :$c£10.99
=020  \\$a1848569777 (v. 2 : Titan : pbk.) :$c£10.99
=020  \\$a9781401228842 (v. 2 : DC Comics : pbk.)
=035  \\$a(OCoLC)316029471
=040  \\$aStDuBDS$beng$cStDuBDS$dUk
=042  \\$aukblsr
=082  04$a741.5973$222
=100  1\$aKanigher, Robert.
=245  14$aThe Flash chronicles /$c[Robert Kanigher, John Broome, writers] ; all covers and art pencilled by Carmine infantino and inked by Joe Giella, unless otherwise noted.
=260  \\$aNew York, NY :$bDC Comics ;$a[London] :$bTitan Books,$cc2009-
=300  \\$av. :$bchiefly col. ill. ;$c26 cm.
=336  \\$atext$2rdacontent
=337  \\$aunmediated$2rdamedia
=338  \\$avolume$2rdacarrier
=500  \\$a"Originally published in single magazine form in Showcase #4, #8, #13, #14 and The Flash #105-106, copyright 1956-1959" --Vol. 1, t.p. verso.
=500  \\$a"Originally published in single magazine form in The Flash #107-112, copyright 1959, 1960" --Vol. 2, t.p. verso.
=500  \\$aFormerly CIP.$5Uk
=600  00$aFlash$c(Fictitious character)$vComic books, strips, etc.
=650  \0$aHeroes$vComic books, strips, etc.
=655  \7$aSuperhero comic books, strips, etc.$2gsafd
=655  \0$aGraphic novels.
=700  1\$aBroome, John,$d1913-1999.
=700  1\$aInfantino, Carmine.
=700  1\$aGiella, Joe.
=720  \\$aVarious
=852  41$aBritish Library$bHMNTS$jYK.2010.b.11349$ivol. 2
=852  41$aBritish Library$bHMNTS$ivol. 1
=CAT  \\$aBATCH-CIPN$b00$c20090728$lBLL01$h1700
=CAT  \\$aBATCH$b00$c20090728$lBLL01$h1701
=CAT  \\$aBATCH$b00$c20090728$lBLL01$h1704
=CAT  \\$a6923$b40$c20100204$lBLL01$h1103
=CAT  \\$a11317$b40$c20100325$lBLL01$h1615
=CAT  \\$a11317$b40$c20100325$lBLL01$h1616
=CAT  \\$a11317$b40$c20100812$lBLL01$h1121
=CAT  \\$a11317$b40$c20101103$lBLL01$h0859
=CAT  \\$a6491$b40$c20160603$lBLL01$h1033
=CAT  \\$aWR16_021$c20160624$lBLL01$h1830
=CAT  \\$aW1806-2088$c20180703$lBLL01$h1739
=FIN  \\$aY$d20100325
=FMT  \\$a  BK
=LAS  \\$aW1806-2088$b00$c20180703$lBLL01$h1739
=SID  \\$aZ39$bOCLC

