=LDR  02839cam a2200637 i 4500
=001  015343099
=003  Uk
=005  20140310120228.0
=008  090424m20069999gr\ab\\\\b\\\\001\0\grerd
=FMT  \\$a  BK
=020  \\$a9789608145573 (v. I : paperback)
=020  \\$a9608145570 (v. I : paperback)
=020  \\$a9789608145726 (v. II : paperback)
=020  \\$a9608145724 (v. II : paperback)
=020  \\$a9789608145948 (v. III : paperback)
=020  \\$a9786185047061 (v. IV : paperback)
=035  \\$a(OCoLC)319159553
=040  \\$aPAU$beng$cPAU$dUk$erda
=041  0\$agre$aeng$beng
=042  \\$aukblsr
=043  \\$ae-gr---
=050  \4$aNK3843$b.D36 2008
=245  00$aAnaskaphes Mykēnōn.
=264  \1$aAthēnai :$bHē en Athēnais Archaiologikē Hetaireia,$c2006-
=300  \\$avolumes :$billustrations (black and white, and colour), maps (black and white, and colour) ;$c28 cm.
=336  \\$atext$2rdacontent
=337  \\$aunmediated$2rdamedia
=338  \\$avolume$2rdacarrier
=490  1\$aVivliothēkē tēs en Athēnais Archaiologikēs Hetaireias,$x1105-7785 ;$var. 244, 258, 278, 288
=546  \\$aText in Greek and English with summaries in English.
=505  1\$aI. Hē voreiodytikē synoikia / Spyrou E. Iakōvidou -- II. To "ergastērio" tōn Mykēnōn / Despoinas Daniēlidou -- III. Hē notiodytikē synoikia / hypo Spyrou E. Iakōvidē kai synergatōn -- IV. Hē oikia stis Plakes / Spyrou E. Iakōvidē.
=504  \\$aIncludes bibliographical references and indexes.
=650  \0$aExcavations (Archaeology)$zGreece$zMycenae (Extinct city)
=650  \0$aPottery, Mycenaean$zGreece$zMycenae (Extinct city)
=651  \0$aMycenae (Extinct city)
=700  12$aIakōvidēs, Spyros.$tVoreiodytikē synoikia.
=700  12$aDaniēlidou, Despoina.$tErgastērio tōn Mykēnōn.
=700  12$aIakōvidēs, Spyros.$tNotiodytikē synoikia.
=700  12$aIakōvidēs, Spyros.$tOikia stis Plakes.
=710  2\$aArchaiologikē Hetaireia,$epublisher.
=830  \0$aVivliothēkē tēs en Athēnais Archaiologikēs Hetaireias,$x1105-7785 ;$var. 244, 258, 278, 288.
=852  41$aBritish Library$bHMNTS$jAc.5202/9
=852  41$aBritish Library$bHMNTS$jAc.5202/9[278]
=852  11$aBritish Library$bHMNTS$kAC.5202/9.[288]
=852  \\$aBritish Library$bHMNTS$jAc.5202/9
=CAT  \\$a3513$b40$c20090805$lBLL01$h1210
=CAT  \\$a3513$b40$c20090805$lBLL01$h1214
=CAT  \\$a3513$b40$c20090805$lBLL01$h1216
=CAT  \\$a3513$b40$c20090805$lBLL01$h1223
=CAT  \\$a12640$b40$c20140129$lBLL01$h1204
=CAT  \\$a12640$b40$c20140306$lBLL01$h1730
=CAT  \\$a6066$b40$c20140310$lBLL01$h1202
=CAT  \\$aW2308-1659$c20230923$lBLL01$h1045
=FIN  \\$aY$d20090805
=SID  \\$aZ39$bOCLC
=LAS  \\$aW2308-1659$b00$c20230923$lBLL01$h1045

