=LDR  01899cam a22005411a 4500
=001  015347156
=003  Uk
=005  20230331170139.0
=008  090730s2010\\\\flu\\\\\\b\\\\001\0\eng\d
=FMT  \\$a  BK
=015  \\$aGBA979372$2bnb
=016  7\$a015347156$2Uk
=020  \\$a9780849374791 (hbk.) :$c£63.99
=020  \\$a0849374790 (hbk.) :$c£63.99
=040  \\$aStDuBDS$beng$cStDuBDS$dUk
=042  \\$aukblderived
=082  04$a518.02855133$222
=100  1\$aDos Passos, Waldemar.
=245  10$aNumerical methods, algorithms, and tools in C# /$cWaldemar Dos Passos.
=260  \\$aBoca Raton, Fla. :$bCRC,$cc2010.
=300  \\$axv, 580 p. ;$c25 cm.
=336  \\$atext$2rdacontent
=337  \\$aunmediated$2rdamedia
=338  \\$avolume$2rdacarrier
=504  \\$aIncludes bibliographical references and index.
=500  \\$aFormerly CIP.$5Uk
=540  \\$aCurrent Copyright Fee: GBP34.00$c0$5Uk
=650  \0$aNumerical analysis$xData processing.
=650  \0$aAlgorithms.
=650  \0$aC# (Computer program language)
=852  11$aBritish Library$bSTI$k518.02855133
=852  41$aBritish Library$bDSC$jm09/.36195
=BUF  \\$aN$d20091121
=CAT  \\$aBATCH-CIPN$b00$c20090811$lBLL01$h1701
=CAT  \\$aBATCH$b00$c20090811$lBLL01$h1701
=CAT  \\$aBATCH$b00$c20090811$lBLL01$h1705
=CAT  \\$aBATCH$b00$c20090813$lBLL01$h0857
=CAT  \\$aBATCH$b00$c20090923$lBLL01$h1403
=CAT  \\$aBATCH$b00$c20090923$lBLL01$h1407
=CAT  \\$a9657$b40$c20091121$lBLL01$h1242
=CAT  \\$a11012$b40$c20091209$lBLL01$h1105
=CAT  \\$aWR13_095$c20130616$lBLL01$h1558
=CAT  \\$aWR16_021$c20160625$lBLL01$h1803
=CAT  \\$aBATCH-CLAB$c20230324$lBLL01$h1338
=CAT  \\$aIPL-CLA$c20230331$lBLL01$h1701
=CFI  0\$aCurrent Copyright Fee: GBP34.00$c0$e01-apr-2023$fGBP34.00$g0$hC$5Uk
=FIN  \\$aY$d20091121
=LAS  \\$aIPL-CLA$b00$c20230331$lBLL01$h1701

