=LDR  02672aam a2200601 a 4500
=001  015356867
=003  Uk
=005  20100408212916.0
=008  090814s2010\\\\nyua\\\\\b\\\\001\0\eng\\
=010  \\$a2009033552  
=015  \\$aGBA984100$2bnb
=016  7\$a015356867$2Uk
=020  \\$a9780415999076 (hbk.)
=020  \\$a0415999073 (hbk.)
=020  \\$a9780203857922 (ebk.)
=020  \\$a0203857925 (ebk.)
=040  \\$aStDuBDS$beng$cStDuBDS$dUk
=042  \\$aukblsr
=043  \\$an-us---
=050  00$aKF2994$b.R49 2010
=082  00$a346.730482$222
=100  1\$aReyman, Jessica,$d1977-
=245  14$aThe rhetoric of intellectual property :$bcopyright law and the regulation of digital culture /$cJessica Reyman.
=260  \\$aLondon :$bRoutledge,$c2010.
=300  \\$ax, 177 p. :$bill. ;$c24 cm.
=336  \\$atext$2rdacontent
=337  \\$aunmediated$2rdamedia
=338  \\$avolume$2rdacarrier
=490  1\$aRoutledge studies in rhetoric and communication ;$v3
=500  \\$aFormerly CIP.$5Uk
=504  \\$aIncludes bibliographical references (p. [163]-171) and index.
=505  0\$aCopyright, authorship, and the internet -- Rhetoric, law, and power in the copyright debate -- Striking a balance : copyright law and technological change -- Property stewardship and the regulation of technology -- Inventing the commons : the cultural conservancy of intellectual property -- "The tension between two values" : technology vs. intellectual property in MGM Studios v. Grokster -- Copyright on campus : shaping digital citizens through anti-piracy messages -- Toward a new rhetoric of copyright : defining the future of cultural production.
=540  \\$aBritish Library not licensed to copy$c0$5Uk
=650  \0$aCopyright$zUnited States.
=830  \0$aRoutledge studies in rhetoric and communication ;$v3.
=852  41$aBritish Library$bDSC$j8026.519862$i3
=852  11$aBritish Library$bSTI$cBIPC
=BUF  \\$aN$d20100222
=CAT  \\$aBATCH-CIPN$b00$c20090825$lBLL01$h1700
=CAT  \\$aBATCH$b00$c20090825$lBLL01$h1701
=CAT  \\$aBATCH$b00$c20090825$lBLL01$h1704
=CAT  \\$aBATCH$b00$c20091111$lBLL01$h1128
=CAT  \\$aBATCH$b00$c20091111$lBLL01$h1131
=CAT  \\$a10934$b40$c20100219$lBLL01$h1454
=CAT  \\$a8411$b40$c20100222$lBLL01$h1452
=CAT  \\$aBATCH-BUOC$b00$c20100408$lBLL01$h2128
=CAT  \\$aBATCH$b00$c20100408$lBLL01$h2129
=CAT  \\$aWR16_021$c20160625$lBLL01$h1804
=CAT  \\$aBATCH-CLA$b00$c20160626$lBLL01$h0117
=CFI  0\$aBritish Library not licensed to copy$c0$e07-sep-2011$hC$iTX$5Uk
=FIN  \\$aY$d20100222
=FMT  \\$a  BK
=LAS  \\$aBATCH-CLA$b00$c20160626$lBLL01$h0117

