=LDR  04366pam a2201069 a 4500
=001  015357589
=003  Uk
=005  20130128162928.0
=008  090812m20099999caua\\\\\6\\\\000\1\eng|d
=015  \\$aGBA984822$2bnb
=016  7\$a015357589$2Uk
=020  \\$a9781591169222 (v. 1 : pbk.) :$c£8.99
=020  \\$a1591169224 (v. 1 : pbk.) :$c£8.99
=020  \\$a9781591169260 (v. 2 : pbk.) :$c£8.99
=020  \\$a1591169267 (v. 2 : pbk.) :$c£8.99
=020  \\$a9781421519227 (v. 3 : pbk.) :$c£8.99
=020  \\$a1421519224 (v. 3 : pbk.) :$c£8.99
=020  \\$a9781421519234 (v. 4 : pbk.) :$c£8.99
=020  \\$a1421519232 (v. 4 : pbk.) :$c£8.99
=020  \\$a9781421523408 (v. 5 : pbk.) :$c£8.99
=020  \\$a142152340X (v. 5 : pbk.) :$c£8.99
=020  \\$a9781421523415 (v. 6 : pbk.) :$c£8.99
=020  \\$a1421523418 (v. 6 : pbk.) :$c£8.99
=020  \\$a9781421523422 (v. 7 : pbk.) :$c£8.99
=020  \\$a1421523426 (v. 7 : pbk.) :$c£8.99
=020  \\$a9781421523439 (v. 8 : pbk.) :$c£8.99
=020  \\$a1421523434 (v. 8 : pbk.) :$c£8.99
=020  \\$a9781421523446 (v. 9 : pbk.) :$c£8.99
=020  \\$a1421523442 (v. 9 : pbk.) :$c£8.99
=020  \\$a9781421523453 (v. 10 : pbk.) :$c£8.99
=020  \\$a1421523450 (v. 10 : pbk.) :$c£8.99
=020  \\$a9781421523460 (v. 11 : pbk.) :$c£8.99
=020  \\$a1421523469 (v. 11 : pbk.) :$c£8.99
=020  \\$a9781421523651 (v. 12 : pbk.) :$c£8.99
=020  \\$a1421523655 (v. 12 : pbk.) :$c£8.99
=020  \\$a9781421535319 (v. 13 : pbk.) :$c£8.99
=020  \\$a1421535319 (v. 13 : pbk.) :$c£8.99
=020  \\$a9781421535326 (v. 14 : pbk.) :$c£8.99
=020  \\$a1421535327 (v. 14 : pbk.) :$c£8.99
=020  \\$a9781421535333 (v. 15 : pbk.) :$c£8.99
=020  \\$a1421535335 (v. 15 : pbk.) :$c£8.99
=020  \\$a9781421535340 (v. 16 : pbk.) :$c£8.99
=020  \\$a1421535343 (v. 16 : pbk.) :$c£8.99
=020  \\$a9781421535357 (v. 17 : pbk.) :$c£8.99
=020  \\$a1421535351 (v. 17 : pbk.) :$c£8.99
=020  \\$a9781421535364 (v. 18 : pbk.) :$c£8.99
=020  \\$a142153536X (v. 18 : pbk.) :$c£8.99
=020  \\$a9781421535371 (v. 19 : pbk.) :$c£8.99
=020  \\$a1421535378 (v. 19 : pbk.) :$c£8.99
=020  \\$a9781421535388 (v. 20 : pbk.) :$c£8.99
=020  \\$a1421535386 (v. 20 : pbk.) :$c£8.99
=020  \\$a9781421535395 (v. 21 : pbk.) :$c£8.99
=020  \\$a1421535394 (v. 21 : pbk.) :$c£8.99
=020  \\$a9781421542775 (v. 22 : pbk.) :$c£8.99
=020  \\$a1421542773 (v. 22 : pbk.) :$c£8.99
=040  \\$aStDuBDS$beng$cStDuBDS$dUk
=041  1\$aeng$hjpn
=042  \\$aukblsr
=082  04$a741.5$222
=100  1\$aUrasawa, Naoki,$d1960-
=240  10$aNijūisseiki shōnen.$lEnglish
=245  10$aNaoki Urasawa's 20th century boys /$cstory and art by Naoki Urasawa ; with the cooperation of Takashi Nagasaki ; [English adaptation, Akemi Wegmüller].
=246  30$a20th century boys
=250  \\$aVIZ Signature edition.
=260  \\$aSan Francisco, CA :$bVIZ Media,$c2009-
=300  \\$av. :$bchiefly ill. ;$c21 cm.
=336  \\$atext$2rdacontent
=337  \\$aunmediated$2rdamedia
=338  \\$avolume$2rdacarrier
=500  \\$aTranslated from the Japanese.
=500  \\$a"Original Japanese edition published in 2000 by Shogakukan Inc., Tokyo"--Vol. 1, colophon.
=500  \\$a"This book reads from right to left"--Back cover.
=500  \\$aFormerly CIP.$5Uk
=505  1\$av. 20. Humanity in the balance -- v. 21. Arrival of the space aliens.
=521  8\$aRated T+ for older teens.
=650  \0$aBoys$vComic books, strips, etc.$vFiction.
=655  \0$aGraphic novels.
=700  1\$aNagasaki, Takashi.
=700  1\$aWegmüller, Akemi.
=852  41$aBritish Library$bHMNTS$jYK.2012.a.14507$ivol. 13
=852  41$aBritish Library$bHMNTS$jYK.2013.a.2841$ivol. 20
=852  41$aBritish Library$bHMNTS$ivol. 21
=CAT  \\$aBATCH-CIPN$b00$c20090825$lBLL01$h1701
=CAT  \\$aBATCH$b00$c20090825$lBLL01$h1701
=CAT  \\$aBATCH$b00$c20090825$lBLL01$h1704
=CAT  \\$aBATCH-CIPC$b00$c20100413$lBLL01$h1701
=CAT  \\$a11317$b40$c20130128$lBLL01$h1605
=CAT  \\$a11317$b40$c20130128$lBLL01$h1629
=CAT  \\$aWR16_021$c20160625$lBLL01$h1805
=FIN  \\$aY$d20130128
=FMT  \\$a  BK
=LAS  \\$aWR16_021$b00$c20160625$lBLL01$h1805

