=LDR  01842 am a2200469 a 4500
=001  015365198
=003  Uk
=005  20091016105111.0
=008  090908s2009\\\\ne\\\\\\\b\\\\001\0\eng\\
=015  \\$aGBA9A0874$2bnb
=016  7\$a015365198$2Uk
=020  \\$a9789041131720 (set) :$cNo price
=040  \\$aUk$beng$cUk
=042  \\$aukblsr
=082  04$a347.09076$222
=100  1\$aBerger, Klaus Peter.
=245  10$aPrivate dispute resolution in international business :$bnegotiation, mediation, arbitration /$cKlaus Peter Berger.
=250  \\$a2nd ed.
=260  \\$aThe Hague :$bKluwer Law International ;$aBiggleswade :$bTurpin Distribution Services [distributor],$cc2009.
=300  \\$a2 v. ;$c25 cm. +$e1 DVD-ROM.
=336  \\$atext$2rdacontent
=337  \\$aunmediated$2rdamedia
=338  \\$avolume$2rdacarrier
=500  \\$a"Wolters Kluwer law & business."
=500  \\$a"Published in conjunction with Center for Transnational Law (CENTRAL)."
=504  \\$aIncludes bibliographical references and index.
=505  0\$av. 1. Case study and interactive DVD-ROM -- v. 2. Handbook.
=650  \0$aDispute resolution (Law)$vProblems, exercises etc.
=650  \0$aArbitration agreements, Commercial$vProblems, exercises etc.
=650  \0$aArbitration and award$vProblems, exercises etc.
=710  2\$aCenter for Transnational Law.
=852  41$aBritish Library$bHMNTS$jEMC.2009.a.649$ivol. 1
=852  41$aBritish Library$bHMNTS$ivol. 2
=CAT  \\$a12327$b40$c20090908$lBLL01$h0846
=CAT  \\$a6989$b40$c20091016$lBLL01$h1046
=CAT  \\$a6989$b40$c20091016$lBLL01$h1051
=CAT  \\$aWR16_021$c20160625$lBLL01$h1806
=CAT  \\$aBATCH-UPD$b00$c20160625$lBLL01$h1847
=CAT  \\$aBATCH-UPD$b00$c20190221$lBLL01$h2031
=FIN  \\$aY$d20091016
=FMT  \\$a  BK
=LAS  \\$aBATCH-UPD$b00$c20190221$lBLL01$h2031

