=LDR  02079cam a2200577 a 4500
=001  015367186
=003  Uk
=005  20230331170202.0
=008  090710s2010\\\\flua\\\\\b\\\\001\0\eng\\
=FMT  \\$a  BK
=010  \\$a2009026890  
=015  \\$aGBA989603$2bnb
=016  7\$a015367186$2Uk
=020  \\$a9781439812112 (hbk.) :$c£63.99
=020  \\$a143981211X (hbk.) :$c£63.99
=040  \\$aStDuBDS$beng$cStDuBDS$dUk
=042  \\$aukblsr
=050  00$aTK7895.E42$bS9744 2010
=082  00$a004.21$222
=245  00$aSystem level design with .NET technology /$cedited by El Mostapha Aboulhamid, Frédéric Rousseau.
=260  \\$aBoca Raton, Fla. ;$aLondon :$bCRC Press,$cc2010.
=300  \\$axviii, 299 p. :$bill. ;$c25 cm.
=336  \\$atext$2rdacontent
=337  \\$aunmediated$2rdamedia
=338  \\$avolume$2rdacarrier
=500  \\$aFormerly CIP.$5Uk
=504  \\$aIncludes bibliographical references and index.
=540  \\$aCurrent Copyright Fee: GBP34.00$c0$5Uk
=650  \0$aSystems on a chip$xDesign and construction.
=650  \0$aSystem design.
=650  \0$aMicrosoft .NET Framework.
=700  1\$aAboulhamid, El Mostapha,$d1951-
=700  1\$aRousseau, Frédéric,$d1967-
=852  11$aBritish Library$bSTI$k004.21
=852  41$aBritish Library$bDSC$jm09/.34462
=BUF  \\$aN$d20091107
=CAT  \\$aBATCH-CIPN$b00$c20090908$lBLL01$h1700
=CAT  \\$aBATCH$b00$c20090908$lBLL01$h1701
=CAT  \\$aBATCH$b00$c20090908$lBLL01$h1703
=CAT  \\$aBATCH$b00$c20090923$lBLL01$h1403
=CAT  \\$aBATCH$b00$c20090923$lBLL01$h1407
=CAT  \\$aBATCH-UPD$b00$c20091015$lBLL01$h2116
=CAT  \\$a6632$b40$c20091107$lBLL01$h0942
=CAT  \\$aBATCH-BUOC$b00$c20091224$lBLL01$h2127
=CAT  \\$aBATCH$b00$c20091224$lBLL01$h2128
=CAT  \\$aWR16_021$c20160625$lBLL01$h1807
=CAT  \\$aBATCH-CLAB$c20230324$lBLL01$h1341
=CAT  \\$aIPL-CLA$c20230331$lBLL01$h1702
=CFI  0\$aCurrent Copyright Fee: GBP34.00$c0$e01-apr-2023$fGBP34.00$g0$hC$5Uk
=FIN  \\$aY$d20091107
=LAS  \\$aIPL-CLA$b00$c20230331$lBLL01$h1702

