=LDR  02139 am a2200493 i 4500
=001  015368294
=003  Uk
=005  20201017093837.0
=008  090910s1970\\\\enkab\\\\c\\\\000\0\eng\\
=040  \\$aUk$beng$cUk$erda
=042  \\$aukblsr
=082  04$a629.1074422725$223
=111  2\$aFlying Display and Exhibition (Farnborough, England)$n(27th :$d1970)
=245  10$aFlying Display and Exhibition :$bshowing the products of the members of the Society of British Aerospace Companies at the Royal Aircraft Establishment, Farnborough.
=246  13$aSBAC trade catalogue Farnborough 1970
=246  3\$aSociety of British Aerospace Companies trade catalogue Farnborough 1970
=264  \1$aLondon :$bThe Society of British Aerospace Companies,$c[1970]
=300  \\$a156 pages :$billustrations (black and white), maps (black and white) ;$c22 cm
=336  \\$atext$2rdacontent
=336  \\$astill image$2rdacontent
=337  \\$aunmediated$2rdamedia
=338  \\$avolume$2rdacarrier
=500  \\$a"Farnborough 1970."
=610  20$aSociety of British Aerospace Companies$vExhibitions.
=650  \0$aAerospace industries$zGreat Britian$xMarketing.
=650  \0$aTrade shows$zEngland$zHampshire$zFarnborough.
=650  \0$aAir shows$zEngland$zHampshire$zFarnborough.
=710  2\$aSociety of British Aerospace Companies,$eissuing body.
=852  41$aBritish Library$bHMNTS$jYD.2018.a.4801
=852  41$aBritish Library$bHMNTS$zNPA$3Issue 1970 only
=883  0\$aLanguage codes assigned by Bayesian analysis of words present in record$d20200826$qUk$c0.9919
=985  \\$aRecord's format changed from SE to BK.
=985  \\$aUpgraded by BSS-generated file for WR2009-0365
=CAT  \\$a8565$b40$c20090910$lBLL01$h1415
=CAT  \\$aFIX-001$c20151007$lBLL01$h1803
=CAT  \\$a8483$b40$c20160901$lBLL01$h1538
=CAT  \\$a10904$b40$c20170413$lBLL01$h0905
=CAT  \\$a12167$b40$c20181024$lBLL01$h1049
=CAT  \\$a12167$b40$c20181024$lBLL01$h1051
=CAT  \\$aW2009-0365$b00$c20201017$lBLL01$h0938
=FIN  \\$aY$d20181024
=FMT  \\$a  BK
=LAS  \\$aW2009-0365$b00$c20201017$lBLL01$h0938
=TCO  \\$aZZZ$c008

