=LDR  02439cam a22006017a 4500
=001  015390360
=003  Uk
=005  20100104092218.0
=008  070813s2007\\\\ii\a\\\g\b\\\\101\0\eng\d
=FMT  \\$a  BK
=020  \\$a0230630693 (v. 1)
=020  \\$a0230630707 (v. 2)
=020  \\$a9780230630697 (v. 1)
=020  \\$a9780230630703 (v. 2)
=035  \\$a(OCoLC)294988508
=040  \\$aDKAGE$beng$cDKAGE$dOCLCQ$dUk
=043  \\$aa-ii---
=082  04$a338.2730954$222
=111  2\$aInternational Conference on Innovations in the Ferro Alloy Industry$n(11th :$d2007 :$cNew Delhi, India)
=CNF  \\$aInternational Conference on Innovations in the Ferro Alloy Industry$n(11th :$d2007 :$cNew Delhi, India)
=245  10$aXI International Conference on Innovations in the Ferro Alloy Industry (INFACON XI), February 18-21, 2007 /$c[organised by Indian Ferro Alloy Producers' Association, India].
=246  14$aInnovations in the Ferro Alloy Industry
=246  17$aINFACON XI
=246  3\$aEleventh International Conference on Innovations in the Ferro Alloy Industry
=246  3\$a11th International Conference on Innovations in the Ferro Alloy Industry
=260  \\$aNew Delhi :$bMacmillan India,$c2007.
=300  \\$a2 v. (xv, 904 p.) :$bill. ;$c29 cm.
=336  \\$atext$2rdacontent
=337  \\$aunmediated$2rdamedia
=338  \\$avolume$2rdacarrier
=490  1\$aMacmillan advanced research series
=500  \\$aProceedings.
=500  \\$aIncludes index.
=504  \\$aIncludes bibliographical references.
=591  \\$aPapers.
=650  \0$aIron alloy industry$xTechnological innovations$zIndia$vCongresses.
=690  7\$aManagement and Business Studies$2blcoll
=710  2\$aIndian Ferro Alloy Producers' Association (India)
=830  \0$aMacmillan advanced research series.
=852  41$aBritish Library$bDSC$iv.2
=852  41$aBritish Library$bDSC$jm10/.10018$iv.1
=852  41$aBritish Library$bDSC$jm10/.10019
=CAT  \\$a6162$b40$c20091013$lBLL01$h1336
=CAT  \\$aBATCH$b00$c20091217$lBLL01$h0543
=CAT  \\$aBATCH$b00$c20100103$lBLL01$h1334
=CAT  \\$a8962$b40$c20100104$lBLL01$h0922
=CAT  \\$aBATCH690$c20100715$lBLL01$h2116
=CAT  \\$aBATCH-MBS$c20100716$lBLL01$h2057
=CAT  \\$aW2308-1659$c20230923$lBLL01$h1048
=CAT  \\$aBATCH-UPD$b00$c20230925$lBLL01$h2150
=FIN  \\$aY$d20100104
=SID  \\$aZ39$bOCLC
=LAS  \\$aBATCH-UPD$b00$c20230925$lBLL01$h2150

