=LDR  01969cas a22004457a 4500
=001  015396520
=003  Uk
=005  20230622164902.0
=007  he\bmu|||buua
=008  091020d19801983sz\uu\p\\\\\\\0\\\a0eng\\
=FMT  \\$a  SE
=040  \\$aUk$beng$cUk$dUk
=041  0\$aeng$afre$aspa
=245  04$aThe third system project papers$h[microform] :$bbuilding blocks for alternative development strategies /$cIFDA, International Foundation for Development Alternatives, Nyon, Switzerland.
=260  \\$aZug, Switzerland :$bInter Documentation Co.,$c[between 1980 and 1983]
=260  \\$aLeiden :$bIDC.
=300  \\$a230 microfiches +$e1 index (78 p.)
=336  \\$atext$2rdacontent
=337  \\$amicroform$2rdamedia
=338  \\$amicrofiche$2rdacarrier
=490  1\$aResearch collections on microfiche / IDC
=500  \\$aEnglish, French and Spanish.
=500  \\$aTitle from index.
=500  \\$aIssued in 2 ring binders (32 cm.).
=500  \\$aAn electronic copy of the guide is at: http://www.idc.nl/pdf/089_guide.pdf and there is a brochure at http://www.idc.nl/pdf/089_brochure.pdf . The brochure explains the background and history of IFDA and the documents gathered together in the collection.
=651  \0$aDeveloping countries.
=710  2\$aInternational Foundation for Development Alternatives.
=710  2\$aInter Documentation Company.
=830  \0$aResearch collections on microfiche.
=852  41$aBritish Library$bHMNTS$jSPR.Mic.E.908$3Microfiche
=852  11$aBritish Library$bHMNTS$kOPL.$h338.9$3Accompanying guide
=985  \\$aUpgraded by BSS-generated file for WR2011-1473
=CAT  \\$a11375$b40$c20091020$lBLL01$h1617
=CAT  \\$a10932$b40$c20100708$lBLL01$h0930
=CAT  \\$a10932$b40$c20100816$lBLL01$h1353
=CAT  \\$aW2011-1473$b00$c20201124$lBLL01$h1903
=CAT  \\$aW2306-1299$c20230622$lBLL01$h1653
=FIN  \\$aY$d20100708
=TCO  \\$aCHE$bPRO LITTERIS$c008
=LAS  \\$aW2306-1299$b00$c20230622$lBLL01$h1653

