=LDR  01521 am a2200433 a 4500
=001  015419912
=003  Uk
=005  20110831095113.0
=008  091116m20099999enka\\\\\b\\\\000\0\eng\\
=015  \\$aGBB0B5101$2bnb
=016  7\$a015419912$2Uk
=020  \\$a9780956380302 (pt. 1 : pbk.)
=020  \\$a9780956380319 (pt. 2 : pbk.)
=040  \\$aUk$beng$cUk$dUk
=042  \\$aukblsr
=082  04$a704.9424$222
=100  1\$aFound, Philippa.
=245  14$aThe body in women's art now /$cPhillippa Found ; with contributing essay by Harriet Riches.
=260  \\$aLondon :$bRollo Pub.,$cc2009.
=300  \\$a3 v. :$bcol. ill. ;$c24 cm.
=336  \\$atext$2rdacontent
=337  \\$aunmediated$2rdamedia
=338  \\$avolume$2rdacarrier
=504  \\$aIncludes bibliographical references.
=505  1\$apt. 1. Embodied -- pt. 2. Flux / with contributing essays from Tracey Warr and Paul Carey-Kent.
=650  \0$aHuman figure in art$vExhibitions.
=650  \0$aWomen artists$vExhibitions.
=650  \0$aWomen in art$vExhibitions.
=852  41$aBritish Library$bHMNTS$ipt. 2
=852  41$aBritish Library$bHMNTS$jYC.2010.a.13352$ipt. 1
=CAT  \\$a12323$b40$c20091116$lBLL01$h1557
=CAT  \\$a12323$b40$c20091116$lBLL01$h1558
=CAT  \\$a11014$b40$c20100922$lBLL01$h1600
=CAT  \\$a11250$b40$c20110831$lBLL01$h0945
=CAT  \\$a11250$b40$c20110831$lBLL01$h0951
=CAT  \\$aWR16_021$c20160625$lBLL01$h1818
=FIN  \\$aY$d20100922
=FMT  \\$a  BK
=LAS  \\$aWR16_021$b00$c20160625$lBLL01$h1818

