=LDR  02697cam a2200685 a 4500
=001  015424201
=003  Uk
=005  20230924064649.0
=008  090416s2009\\\\enka\\\\\b\\\\001\0\eng\d
=FMT  \\$a  BK
=015  \\$aGBA9B4762$2bnb
=020  \\$a9780712350631 :$cNo price
=020  \\$a0712350632 :$cNo price
=035  \\$a(OCoLC)318873146
=040  \\$aBTCTA$beng$cBTCTA$dYDXCP$dUk
=042  \\$aukblsr
=082  04$a091.0942$222
=245  00$aTudor manuscripts, 1485-1603 /$cedited by A.S.G. Edwards.
=260  \\$aLondon :$bBritish Library,$c2009.
=300  \\$avi, 280 p. :$bill. ;$c24 cm.
=336  \\$atext$2rdacontent
=337  \\$aunmediated$2rdamedia
=338  \\$avolume$2rdacarrier
=490  0\$aEnglish manuscript studies, 1100-1700 ;$vv. 15
=504  \\$aIncludes bibliographical references and indexes.
=540  \\$aCurrent Copyright Fee: GBP25.00$c0$5Uk
=600  30$aTudor, House of$xIn literature.
=650  \0$aManuscripts, English.
=650  \0$aManuscripts, Medieval.
=650  \0$aEnglish literature$yMiddle English, 1100-1500$xHistory and criticism.
=650  \0$aEnglish literature$yEarly modern, 1500-1700$xHistory and criticism.
=700  1\$aEdwards, A. S. G.$q(Anthony Stockwell Garfield),$d1942-
=710  2\$aBritish Library.
=852  41$aBritish Library$bDSC$j3775.093500$iv. 15
=852  41$aBritish Library$bHMNTS$cSPHOA
=CAT  \\$a8411$b40$c20091120$lBLL01$h1331
=CAT  \\$a6989$b40$c20091126$lBLL01$h1419
=CAT  \\$a6989$b40$c20091126$lBLL01$h1658
=CAT  \\$aBATCH-CLA$b00$c20131202$lBLL01$h0336
=CAT  \\$aIPL-CLA$c20140101$lBLL01$h0124
=CAT  \\$aBATCH-CLA$b00$c20161221$lBLL01$h2029
=CAT  \\$aIPL-CLA$c20161230$lBLL01$h2337
=CAT  \\$aBATCH-CLA$b00$c20171221$lBLL01$h1318
=CAT  \\$aIPL-CLA$c20171231$lBLL01$h1756
=CAT  \\$aBATCH-CLA$b00$c20200218$lBLL01$h0434
=CAT  \\$aBATCH-CLA$b00$c20201203$lBLL01$h1415
=CAT  \\$aIPL-CLA$c20201231$lBLL01$h2318
=CAT  \\$aBATCH-CLA$b00$c20221206$lBLL01$h1756
=CAT  \\$aIPL-CLA$c20221231$lBLL01$h2247
=CAT  \\$aBATCH-CLA$b00$c20230302$lBLL01$h1811
=CAT  \\$aW2308-1659$c20230923$lBLL01$h1050
=CAT  \\$aBATCH-CLA$b00$c20230924$lBLL01$h0646
=CFI  0\$aCurrent Copyright Fee: GBP25.00$c0$e09-feb-2023$fGBP25.00$g0$hC$5Uk
=FIN  \\$aY$d20091126
=SID  \\$aZ39$bOCLC
=TCO  \\$aCLA$bCLA$c008
=ACF  \\$aPrevious Copyright Fee: GBP12.00$c0$e01-oct-2012$fGBP12.00$g0$hC$5Uk
=ACF  \\$aPrevious Copyright Fee: GBP12.30$c0$e01-jan-2014$fGBP12.30$g0$hC$5Uk
=ACF  \\$aPrevious Copyright Fee: GBP20.00$c0$e01-jan-2020$fGBP20.00$g0$hC$5Uk
=LAS  \\$aBATCH-CLA$b00$c20230924$lBLL01$h0646

