=LDR  02339 am a2200637 a 4500
=001  015473057
=003  Uk
=005  20100906204849.0
=008  100824s2010\\\\stkb\\\\\d\\\\000\0\eng\c
=015  \\$aGBB008737$2bnb
=016  7\$a015473057$2Uk
=020  \\$a9780007331550 (hbk.) :$c£35.00
=020  \\$a000733155X (hbk.) :$c£35.00
=035  \\$a(StEdNL)4415145
=040  \\$aStDuBDS$beng$cStDuBDS$dUk
=041  0\$aeng$afre
=042  \\$aukscp
=082  04$a443.21$222
=245  00$aCollins Robert French dictionary.
=246  15$aRobert & Collins dictionaire, français-anglais, anglais-français
=246  18$aFrench Collins Robert dictionary complete & unabridged
=250  \\$a9th ed. /$b[editors, Sabine Citron, Geneviève Gerrard, Janet Gough].
=260  \\$aGlasgow :$bHarperCollins ;$aParis :$bDictionnaires Le Robert-SEJER,$cc2010.
=300  \\$axxiv, 2219, 24 p. :$bcol. maps ;$c27 cm.
=336  \\$atext$2rdacontent
=337  \\$aunmediated$2rdamedia
=338  \\$avolume$2rdacarrier
=650  \0$aEnglish language$xDictionaries$xFrench.
=650  \0$aFrench language$xDictionaries$xEnglish.
=700  1\$aCitron, Sabine.
=700  1\$aGerrard, Genevieve.
=700  1\$aGough, Janet.
=852  41$aBritish Library$bHMNTS$jYC.2010.b.2585
=852  11$aBritish Library$bHMNTS$kRAR$h443
=852  41$aBritish Library$bHMNTS$kHLD$hFRE
=852  41$aBritish Library$bHMNTS$kHUD$hFRE
=852  11$aBritish Library$bHMNTS$kMSS$h443
=852  41$aBritish Library$bHMNTS$kOPL$hIndex
=852  11$aBritish Library$bHMNTS$kOIA$h443
=852  41$aBritish Library$bHMNTS$cSPHOA$kHLD$mFRE
=852  41$aBritish Library$bHMNTS$cSPHOA$kHUD$mFRE
=852  41$aBritish Library$bHMNTS$kMaps Ref.$hB.2.(15)
=985  \\$aLDL record matched & merged
=CAT  \\$aBATCH-CIPN$b00$c20100126$lBLL01$h1700
=CAT  \\$aBATCH$b00$c20100126$lBLL01$h1701
=CAT  \\$aBATCH$b00$c20100126$lBLL01$h1705
=CAT  \\$a5703$b40$c20100817$lBLL01$h1151
=CAT  \\$aBATCH-LDLE$b00$c20100906$lBLL01$h2047
=CAT  \\$aBATCH-UPD$b00$c20100906$lBLL01$h2048
=CAT  \\$aBATCH-LDLL$b00$c20100906$lBLL01$h2048
=CAT  \\$aWR16_021$c20160626$lBLL01$h1803
=EXP  \\$aX$d20101113
=FIN  \\$aY$d20100817
=FMT  \\$a  BK
=LAS  \\$aWR16_021$b00$c20160626$lBLL01$h1803
=SRC  \\$aBDZ$bblihback

