=LDR  02001cam a2200481 a 4500
=001  015507072
=003  Uk
=005  20101110111032.0
=008  100310s2010\\\\nika\\\\\\\\\o000\0\eng\\
=FMT  \\$a  BK
=015  \\$aGBB0D4984$2bnb
=016  7\$a015507072$2Uk
=020  \\$a9780339603196 (v. 1 : pbk.)
=020  \\$a9780339603202 (v. 2 : pbk.)
=040  \\$aUk$beng$cUk
=042  \\$aukblsr
=082  04$a352.5309416$222
=110  1\$aNorthern Ireland.$bAssembly.$bFinance and Personnel Committee.
=245  10$aReport on the inquiry into public procurement in Northern Ireland :$btogether with the minutes of proceedings of the committee relating to the report, written submissions, memoranda and the minutes of evidence : session 2009/2010 : first report /$cNorthern Ireland Assembly, Committee for Finance and Personnel.
=260  \\$aBelfast :$bTSO,$cc2010.
=300  \\$a2 v. :$bill. ;$c30 cm.
=336  \\$atext$2rdacontent
=337  \\$aunmediated$2rdamedia
=338  \\$avolume$2rdacarrier
=500  \\$a"Ordered by the Committee for Finance and Personnel to be printed 10 February, 2010."
=500  \\$aTitle from cover.
=500  \\$aPublisher's report no.: NIA 19/08/09R.
=650  \0$aGovernment purchasing$zNorthern Ireland.
=650  \0$aPublic contracts$zNorthern Ireland.
=651  \0$aNorthern Ireland$xAppropriations and expenditures$xEvaluation.
=690  7\$aManagement and Business Studies$2blcoll
=852  41$aBritish Library$bHMNTS$ivol. 1
=852  41$aBritish Library$bHMNTS$ivol. 2
=852  41$aBritish Library$bDSC$jm10/.14479$ivol.1
=852  41$aBritish Library$bDSC$jm10/.14510$ivol. 2
=CAT  \\$a5703$b40$c20100310$lBLL01$h1550
=CAT  \\$a6989$b40$c20100316$lBLL01$h1200
=CAT  \\$a11168$b40$c20100407$lBLL01$h0953
=CAT  \\$a6989$b40$c20101110$lBLL01$h1110
=CAT  \\$aBATCH-MBS$c20101119$lBLL01$h2052
=CAT  \\$aWR16_021$c20160626$lBLL01$h1809
=FIN  \\$aY$d20100316
=LAS  \\$aWR16_021$b00$c20160626$lBLL01$h1809

