=LDR  02533pam a2200601 a 4500
=001  015512026
=003  Uk
=005  20100810115713.0
=008  100312s2010\\\\iluab\\j\e\\\|0|1\0|eng|d
=015  \\$aGBB040549$2bnb
=016  7\$a015512026$2Uk
=020  \\$a9781615353217 (set) :$c£249.00
=020  \\$a1615353216 (set) :$c£249.00
=040  \\$aStDuBDS$beng$cStDuBDS$dUk
=042  \\$aukblsr
=082  04$a031$222
=245  00$aBritannica student encyclopedia.
=260  \\$aChicago, Ill. ;$aLondon :$bEncyclopaedia Britannica,$cc2010.
=300  \\$a16 v. :$bill. (some col.), col. maps ;$c29 cm.
=336  \\$atext$2rdacontent
=337  \\$aunmediated$2rdamedia
=338  \\$avolume$2rdacarrier
=500  \\$aIncludes index.
=500  \\$aFormerly CIP.$5Uk
=505  0\$av. 1. A -- v. 2. B -- v. 3. C -- v. 4. D-E -- v. 5. F-G -- v. 6. H-I -- v. 7. J-K-L -- v. 8. M -- v. 9. N-O -- v. 10. P -- v. 11. Q-R -- v. 12. S -- v. 13. T -- v. 14. U-V -- v. 15. W-X-Y-Z -- v. 16. Index.
=650  \0$aChildren's encyclopedias and dictionaries.
=730  0\$aEncyclopaedia Britannica.
=852  41$aBritish Library$bHMNTS$jYK.2010.b.8555$ivol. 6
=852  41$aBritish Library$bHMNTS$jYK.2010.b.8552$ivol. 3
=852  41$aBritish Library$bHMNTS$jYK.2010.b.8550$ivol. 1
=852  41$aBritish Library$bHMNTS$ivol. 4
=852  41$aBritish Library$bHMNTS$jYK.2010.b.8554$ivol. 5
=852  41$aBritish Library$bHMNTS$jYK.2010.b.8557$ivol. 8
=852  41$aBritish Library$bHMNTS$jYK.2010.b.8558$ivol. 9
=852  41$aBritish Library$bHMNTS$jYK.2010.b.8559$ivol. 10
=852  41$aBritish Library$bHMNTS$jYK.2010.b.8562$ivol. 13
=852  41$aBritish Library$bHMNTS$jYK.2010.b.8563$ivol. 14
=852  41$aBritish Library$bHMNTS$jYK.2010.b.8565$ivol. 16
=852  41$aBritish Library$bHMNTS$jYK.2010.b.8556$ivol. 7
=852  41$aBritish Library$bHMNTS$jYK.2010.b.8560$ivol. 11
=852  41$aBritish Library$bHMNTS$jYK.2010.b.8553$ivol. 4
=852  41$aBritish Library$bHMNTS$jYK.2010.b.8551$ivol. 2
=852  41$aBritish Library$bHMNTS$jYK.2010.b.8561$ivol. 12
=852  41$aBritish Library$bHMNTS$jYK.2010.b.8564$ivol. 15
=CAT  \\$aBATCH-CIPN$b00$c20100316$lBLL01$h1701
=CAT  \\$aBATCH$b00$c20100316$lBLL01$h1701
=CAT  \\$aBATCH$b00$c20100316$lBLL01$h1705
=CAT  \\$a10958$b40$c20100809$lBLL01$h1356
=CAT  \\$a11250$b40$c20100810$lBLL01$h1157
=CAT  \\$aWR16_021$c20160626$lBLL01$h1810
=FIN  \\$aY$d20100810
=FMT  \\$a  BK
=LAS  \\$aWR16_021$b00$c20160626$lBLL01$h1810

