=LDR  01488pam a2200481 a 4500
=001  015522058
=003  Uk
=005  20110412144124.0
=008  100225s2010\\\\njua\\\\\\\\\\001\0\eng\\
=010  \\$a  2010923553
=015  \\$aGBB045885$2bnb
=016  7\$a015522058$2Uk
=020  \\$a9780470487723 (pbk.) :$c£17.99
=020  \\$a0470487720 (pbk.) :$c£17.99
=040  \\$aStDuBDS$beng$cStDuBDS$dUk
=042  \\$aukblcatcopy
=050  00$aZ52.5.M52$bG6697 2010
=082  00$a005.52$222
=100  1\$aGookin, Dan.
=245  10$aWord 2010 for dummies /$cby Dan Gookin.
=246  14$aMicrosoft Word 2010 for dummies
=260  \\$aHoboken, N.J. :$bWiley Pub., Inc.,$cc2010.
=300  \\$axviii, 390 p. :$bill. ;$c24 cm.
=336  \\$atext$2rdacontent
=337  \\$aunmediated$2rdamedia
=338  \\$avolume$2rdacarrier
=490  0\$aFor dummies
=500  \\$aIncludes index.
=500  \\$aFormerly CIP.$5Uk
=630  00$aMicrosoft Word.
=650  \0$aWord processing.
=852  41$aBritish Library$bHMNTS$cSPHOA
=852  41$aBritish Library$bHMNTS$jYK.2011.a.14774
=CAT  \\$aBATCH-CIPN$b00$c20100330$lBLL01$h1702
=CAT  \\$aBATCH$b00$c20100330$lBLL01$h1703
=CAT  \\$aBATCH$b00$c20100330$lBLL01$h1707
=CAT  \\$a8387$b40$c20100705$lBLL01$h1354
=CAT  \\$a8202$b40$c20110412$lBLL01$h1441
=CAT  \\$aWR16_021$c20160627$lBLL01$h1803
=FIN  \\$aY$d20110412
=FMT  \\$a  BK
=LAS  \\$aWR16_021$b00$c20160627$lBLL01$h1803
=SRC  \\$aBLL02

