=LDR  02096 am a2200469 a 4500
=001  015555310
=003  Uk
=005  20100803123506.0
=008  091207s2010\\\\orua\\\\\6\\\\000\1\eng\d
=015  \\$aGBB085100$2bnb
=016  7\$a015555310$2Uk
=020  \\$a9781595822871 (v. 1)
=020  \\$a1595822879 (v. 1)
=020  \\$a9781595825193 (v. 2) :$c£25.99
=020  \\$a1595825193 (v. 2) :$c£25.99
=035  \\$a(OCoLC)475467394
=040  \\$aBTCTA$beng$cBTCTA$dRSD$dUk
=042  \\$aukblsr
=082  04$a741.56973$222
=100  1\$aStark, Sheldon.
=245  10$aJet Scott :$ba lost science fiction masterwork /$cart by Jerry Robinson ; script by Sheldon Stark.
=260  \\$aMilwaukie, OR :$bDark Horse Books,$c2010.
=300  \\$a2 v. :$bchiefly. ill. (some col.) ;$c24 x 31 cm.
=336  \\$atext$2rdacontent
=337  \\$aunmediated$2rdamedia
=338  \\$avolume$2rdacarrier
=505  1\$av. 1. Introduction / by Christopher N. Couch ; The Banthrax incident ; The pacific paradox ; The curious case of Mother Makrae ; The sheik of Wadani ; The creeping death ; The shadow over Stone Bay ; The trial of Elmer Steck ; Jet Scott pencils and promotional materials ; Creator biographies -- v. 2. Introduction / by Mark Evanier ; Frozer forever ; The brainbox hoax ; One voter election ; The Great Gushby ; Revenge is radioactive ; Trapped in orbit ; Sabotage on the set ; Jet Scott Sunday pencils ; Creator biographies.
=650  \0$aScience fiction comic books, strips, etc.
=700  1\$aRobinson, Jerry,$d1922-2011.
=852  41$aBritish Library$bHMNTS$jLC.37.a.485$ivol. 1
=852  41$aBritish Library$bHMNTS$ivol. 2
=CAT  \\$a6524$b40$c20100517$lBLL01$h1642
=CAT  \\$a6524$b40$c20100517$lBLL01$h1644
=CAT  \\$a6524$b40$c20100517$lBLL01$h1646
=CAT  \\$a11317$b40$c20100714$lBLL01$h1322
=CAT  \\$a11317$b40$c20100803$lBLL01$h1235
=CAT  \\$aBATCH-UPD$b40$c20150507$lBLL01$h2023
=CAT  \\$aWR16_021$c20160627$lBLL01$h1810
=FIN  \\$aY$d20100714
=FMT  \\$a  BK
=LAS  \\$aWR16_021$b00$c20160627$lBLL01$h1810
=SID  \\$aZ39$bOCLC

