=LDR  01292pam a2200409 a 4500
=001  015579101
=003  Uk
=005  20110228113709.0
=008  100611s2010\\\\njua\\\\\\\\\|0|1\0|eng\d
=010  \\$a2010923559
=015  \\$aGBB073834$2bnb
=016  7\$a015579101$2Uk
=020  \\$a9780470489536 (pbk.) :$c£17.99
=020  \\$a0470489537 (pbk.) :$c£17.99
=040  \\$aStDuBDS$beng$cStDuBDS$dUk
=042  \\$aukblsr
=082  04$a005.54$222
=100  1\$aHarvey, Greg.
=245  10$aExcel 2010 for dummies /$cby Greg Harvey.
=246  13$aMicrosoft Excel 2010 for dummies
=260  \\$aHoboken, N.J. :$bWiley Publishing Inc.,$cc2010.
=300  \\$axviii, 390 p. :$bcol. ill. ;$c24 cm.
=336  \\$atext$2rdacontent
=337  \\$aunmediated$2rdamedia
=338  \\$avolume$2rdacarrier
=500  \\$aIncludes index.
=500  \\$aFormerly CIP.$5Uk
=630  00$aMicrosoft Excel (Computer file)
=852  41$aBritish Library$bHMNTS$cSPHOA
=852  41$aBritish Library$bHMNTS$jYK.2011.a.8715
=CAT  \\$aBATCH-CIPN$b00$c20100615$lBLL01$h1701
=CAT  \\$a10983$b40$c20100621$lBLL01$h0938
=CAT  \\$a7000$b40$c20110228$lBLL01$h1137
=CAT  \\$aWR16_021$c20160628$lBLL01$h1805
=FIN  \\$aY$d20110228
=FMT  \\$a  BK
=LAS  \\$aWR16_021$b00$c20160628$lBLL01$h1805

