=LDR  01496 am a2200469 a 4500
=001  015581961
=003  Uk
=005  20150702100051.0
=008  100616s2010\\\\enka\\\\\b\\\|0|1\0|eng\d
=015  \\$aGBB088340$2bnb
=016  7\$a015581961$2Uk
=020  \\$a9781847351173 (cased)
=020  \\$a9781847351180 (pbk.)
=020  \\$a9781847351197 (ebk.)
=035  \\$a(OCoLC)642082637
=040  \\$aNUI$cNUI$dUk
=042  \\$aukblsr
=050  \4$aQR92.P58$bS83 2010
=082  04$a668.4225$222
=100  1\$aSudesh, Kumar$d1967-
=245  10$aPractical guide to microbial polyhydroxyalkanoates /$cKumar Sudesh, Hideki Abe.
=260  \\$aShawbury :$biSmithers,$c2010.
=300  \\$aviii, 150 p. :$bill. ;$c27 cm.
=336  \\$atext$2rdacontent
=337  \\$aunmediated$2rdamedia
=338  \\$avolume$2rdacarrier
=504  \\$aIncludes bibliographical references and index.
=650  \0$aPoly-beta-hydroxyalkanoates.
=650  \0$aMicrobial polymers.
=700  1\$aAbe, H.$q(Hideki)
=852  41$aBritish Library$bDSC$jm10/.27977
=852  11$aBritish Library$bHMNTS$k(B)$h668.4225
=CAT  \\$a12664$b40$c20100621$lBLL01$h1440
=CAT  \\$a10983$b40$c20100716$lBLL01$h1028
=CAT  \\$a5447$b40$c20100723$lBLL01$h0845
=CAT  \\$a7416$b40$c20150702$lBLL01$h0958
=CAT  \\$a7416$b40$c20150702$lBLL01$h1000
=CAT  \\$aWR16_021$c20160628$lBLL01$h1805
=FIN  \\$aY$d20100723
=FMT  \\$a  BK
=LAS  \\$aWR16_021$b00$c20160628$lBLL01$h1805
=SID  \\$aZ39$bOCLC

