=LDR  01666 am a2200469 a 4500
=001  015585264
=003  Uk
=005  20110922160413.0
=008  100305s2009\\\\ii\a\\\\\\\\\|0|0\0deng\d
=020  \\$a9789380018003 (v. 1)
=020  \\$a9789380018010 (v. 2)
=035  \\$a(IiNdDKA)DK-201740-HBD
=040  \\$aIiNdDKA$beng$cIiNdDKA$dUk
=042  \\$aukblsr
=043  \\$aa-ii---
=050  \4$aDS434$b.G74 2009
=245  00$aGreat Indians and their landmark speeches /$c[compiled by] Manohar Prabhakar, Sarita Prabhakar.
=246  14$aGreat Indians & their landmark speeches
=260  \\$aJaipur :$bShyam Prakashan,$c2009.
=300  \\$a2 v. :$bill. ;$c23 cm.
=336  \\$atext$2rdacontent
=337  \\$aunmediated$2rdamedia
=338  \\$avolume$2rdacarrier
=520  \\$aSpeeches of 21 great Indian personalities; includes their brief life sketches.
=610  20$aIndian National Congress.
=650  \0$aSpeeches, addresses, etc., Indic (English)
=650  \0$aNationalists$zIndia$vBiography.
=651  \0$aIndia$xHistory.
=651  \0$aIndia$xPolitics and government$y19th century.
=651  \0$aIndia$xPolitics and government$y20th century.
=700  1\$aPrabhākara, Manohara,$d1932-
=700  1\$aPrabhakar, Sarita,$d1962-
=852  41$aBritish Library$bOC$jYD.2011.a.6609$ivol. 1
=852  41$aBritish Library$bOC$ivol. 2
=CAT  \\$aBATCH-DK$b00$c20100623$lBLL01$h1055
=CAT  \\$aBATCH$b00$c20100623$lBLL01$h1055
=CAT  \\$aBATCH-UPD$b00$c20100623$lBLL01$h1056
=CAT  \\$a11009$b40$c20110922$lBLL01$h1604
=FIN  \\$aY$d20110922
=FMT  \\$a  BK
=LAS  \\$a11009$b40$c20110922$lBLL01$h1604
=SRC  \\$aDK - Supplier

