=LDR  04104caa a22008777a 4500
=001  015593182
=003  Uk
=005  20211231173016.0
=008  100705s2010\\\\xxu\\\\\\\\\\\100\0\eng\\
=FMT  \\$a  BK
=040  \\$aUk$beng$cUk
=CNF  \\$aAmerican coatings conference$d(2010 Apr)
=245  00$a2010 American coatings conference.
=260  \\$bFederation of Societies for Coatings Technology,$c2010.
=300  \\$ap. 14-16.
=336  \\$atext$2rdacontent
=337  \\$aunmediated$2rdamedia
=338  \\$avolume$2rdacarrier
=591  \\$aReport.
=540  \\$aCurrent Copyright Fee: GBP2.17$c0$5Uk
=653  1\$aACC
=653  1\$aCoatings
=852  11$aBritish Library$bSTI$k(P) 667.9$m-E(1)
=852  41$aBritish Library$bDSC$j3292.614000
=945  \\$aJCT coatings tech, ISSN 1547-0083 ; vol 7 no 6 2010
=CAT  \\$a6019$b40$c20100705$lBLL01$h1522
=CAT  \\$aIPL-CLA$c20160331$lBLL01$h1800
=CAT  \\$aBATCH-CLA$b00$c20160926$lBLL01$h1725
=CAT  \\$aIPL-CLA$c20160930$lBLL01$h1629
=CAT  \\$aBATCH-CLA$b00$c20170321$lBLL01$h1753
=CAT  \\$aIPL-CLA$c20170331$lBLL01$h1906
=CAT  \\$aBATCH-CLA$b00$c20170921$lBLL01$h1835
=CAT  \\$aIPL-CLA$c20170929$lBLL01$h1753
=CAT  \\$aBATCH-CLA$b00$c20171221$lBLL01$h1323
=CAT  \\$aIPL-CLA$c20171231$lBLL01$h1802
=CAT  \\$aBATCH-CLA$b00$c20180319$lBLL01$h1807
=CAT  \\$aIPL-CLA$c20180331$lBLL01$h1649
=CAT  \\$aBATCH-CLA$b00$c20180920$lBLL01$h1628
=CAT  \\$aIPL-CLA$c20180930$lBLL01$h1512
=CAT  \\$aBATCH-CLA$b00$c20190924$lBLL01$h1921
=CAT  \\$aIPL-CLA$c20190930$lBLL01$h1648
=CAT  \\$aBATCH-CLA$b00$c20200325$lBLL01$h1255
=CAT  \\$aIPL-CLA$c20200331$lBLL01$h1625
=CAT  \\$aBATCH-CLA$b00$c20200619$lBLL01$h1543
=CAT  \\$aIPL-CLA$c20200701$lBLL01$h0109
=CAT  \\$aBATCH-CLA$b00$c20210617$lBLL01$h1405
=CAT  \\$aIPL-CLA$c20210704$lBLL01$h1123
=CAT  \\$aBATCH-CLA$b00$c20210928$lBLL01$h1509
=CAT  \\$aIPL-CLA$c20210930$lBLL01$h1655
=CAT  \\$aBATCH-CLA$b00$c20211222$lBLL01$h1618
=CAT  \\$aIPL-CLA$c20211231$lBLL01$h1730
=CFI  0\$aCurrent Copyright Fee: GBP2.17$c0$e01-jan-2022$fGBP2.17$g0$hC$5Uk
=CFI  2\$aPrevious Copyright Fee: GBP0.71$c0$e01-oct-2021$fGBP0.71$g0$hC$5Uk
=FIN  \\$aY$d20100705
=LKR  \\$aANA$b016212159$lBLL01$nCoatingsTech$r773$y2010$v7$i6$m2010 American coatings conference
=ACF  \\$aPrevious Copyright Fee: GBP1.82$c0$e01-jul-2012$fGBP1.82$g0$hC$5Uk
=ACF  \\$aPrevious Copyright Fee: GBP1.94$c0$e01-oct-2012$fGBP1.94$g0$hC$5Uk
=ACF  \\$aPrevious Copyright Fee: GBP1.88$c0$e01-jan-2013$fGBP1.88$g0$hC$5Uk
=ACF  \\$aPrevious Copyright Fee: GBP1.94$c0$e01-jul-2013$fGBP1.94$g0$hC$5Uk
=ACF  \\$aPrevious Copyright Fee: GBP1.80$c0$e01-oct-2013$fGBP1.80$g0$hC$5Uk
=ACF  \\$aPrevious Copyright Fee: GBP1.82$c0$e01-jul-2014$fGBP1.82$g0$hC$5Uk
=ACF  \\$aPrevious Copyright Fee: GBP0.61$c0$e01-jan-2015$fGBP0.61$g0$hC$5Uk
=ACF  \\$aPrevious Copyright Fee: GBP0.67$c0$e01-apr-2015$fGBP0.67$g0$hC$5Uk
=ACF  \\$aPrevious Copyright Fee: GBP0.65$c0$e01-oct-2015$fGBP0.65$g0$hC$5Uk
=ACF  \\$aPrevious Copyright Fee: GBP0.69$c0$e01-apr-2016$fGBP0.69$g0$hC$5Uk
=ACF  \\$aPrevious Copyright Fee: GBP0.74$c0$e01-oct-2016$fGBP0.74$g0$hC$5Uk
=ACF  \\$aPrevious Copyright Fee: GBP0.80$c0$e01-apr-2017$fGBP0.80$g0$hC$5Uk
=ACF  \\$aPrevious Copyright Fee: GBP0.76$c0$e01-oct-2017$fGBP0.76$g0$hC$5Uk
=ACF  \\$aPrevious Copyright Fee: GBP0.77$c0$e01-jan-2018$fGBP0.77$g0$hC$5Uk
=ACF  \\$aPrevious Copyright Fee: GBP0.71$c0$e01-apr-2018$fGBP0.71$g0$hC$5Uk
=ACF  \\$aPrevious Copyright Fee: GBP0.77$c0$e01-oct-2018$fGBP0.77$g0$hC$5Uk
=ACF  \\$aPrevious Copyright Fee: GBP0.80$c0$e01-oct-2019$fGBP0.80$g0$hC$5Uk
=ACF  \\$aPrevious Copyright Fee: GBP0.77$c0$e01-apr-2020$fGBP0.77$g0$hC$5Uk
=ACF  \\$aPrevious Copyright Fee: GBP0.80$c0$e01-jul-2020$fGBP0.80$g0$hC$5Uk
=ACF  \\$aPrevious Copyright Fee: GBP0.72$c0$e01-jul-2021$fGBP0.72$g0$hC$5Uk
=LAS  \\$aIPL-CLA$b00$c20211231$lBLL01$h1730

