=LDR  01641 am a2200457 a 4500
=001  015602455
=003  Uk
=005  20101019162605.0
=008  100612s2010\\\\ii\\\\\g\b\\\\001\0\eng\d
=020  \\$a9789380031736 (set)
=020  \\$a9789380031712 (v. 1)
=020  \\$a9789380031729 (v. 2)
=035  \\$a(IiNdDKA)DK-204425-HBD
=040  \\$aIiNdDKA$beng$cIiNdDKA$dUk
=042  \\$aukblcatcopy
=043  \\$aa-ii---
=050  \4$aDS483.5$b.C43 2010
=082  04$a954.1$222
=100  1\$aChatterjee, S. K.$q(Sushanta Kumar)
=245  10$aNorth-East India :$bdispersion and discontent : historical, cultural and socio-political perspectives /$cSarajit Kumar Chatterjee.
=260  \\$aDelhi :$bAbhijeet Publications,$c2010.
=300  \\$a2 v. (viii, 944 p.) ;$c22 cm.
=336  \\$atext$2rdacontent
=337  \\$aunmediated$2rdamedia
=338  \\$avolume$2rdacarrier
=504  \\$aIncludes bibliographical references (p. [504]-930) and index.
=650  \0$aGovernment, Resistance to$zIndia, Northeastern.
=650  \0$aInsurgency$zIndia, Northeastern.
=650  \0$aTribes$zIndia, Northeastern$xHistory.
=651  \0$aIndia, Northeastern$xPolitics and government.
=651  \0$aIndia, Northeastern$xHistory.
=852  41$aBritish Library$bOC$jYD.2010.a.15637$ivol. 1
=852  41$aBritish Library$bOC$ivol. 2
=852  41$aBritish Library$bOC$jYD.2010.a.15638
=CAT  \\$aBATCH-DK$b00$c20100715$lBLL01$h0902
=CAT  \\$aBATCH$b00$c20100715$lBLL01$h0902
=CAT  \\$a5512$b40$c20101019$lBLL01$h1626
=FIN  \\$aY$d20101019
=FMT  \\$a  BK
=LAS  \\$a5512$b40$c20101019$lBLL01$h1626
=SRC  \\$aDK - Supplier

