=LDR  01398 am a2200409 a 4500
=001  015604032
=003  Uk
=005  20100721122754.0
=008  100719s2010\\\\enka\\\\\\\\\\001\0deng\\
=015  \\$aGBB087853$2bnb
=016  7\$a015604032$2Uk
=020  \\$a9780905702940 (pbk.)
=040  \\$aUk$beng$cUk
=042  \\$aukblsr
=082  04$a324.941086$222
=245  00$aDods parliamentary companion guide to the general election 2010 /$c[editor: Maggie Sinclair].
=246  13$aGuide to the general election 2010
=260  \\$aLondon :$bDods,$cc2010.
=300  \\$axvi, 853 p. :$bcol. ill. ;$c21 cm.
=336  \\$atext$2rdacontent
=337  \\$aunmediated$2rdamedia
=338  \\$avolume$2rdacarrier
=500  \\$aIncludes indexes.
=610  10$aGreat Britain.$bParliament.$bHouse of Commons$xElections, 2010.
=651  \0$aGreat Britain$xPolitics and government$y2007-
=700  1\$aSinclair, Maggie.
=852  41$aBritish Library$bDSC$jm10/.20664
=852  41$aBritish Library$bHMNTS$jYC.2014.a.12633
=852  41$aBritish Library$bHMNTS$kOPL$h324.941086
=CAT  \\$a11131$b40$c20100719$lBLL01$h0939
=CAT  \\$a11325$b40$c20100721$lBLL01$h1219
=CAT  \\$a11325$b40$c20100721$lBLL01$h1224
=CAT  \\$a11325$b40$c20100721$lBLL01$h1227
=CAT  \\$aWR16_021$c20160628$lBLL01$h1810
=FIN  \\$aY$d20100721
=FMT  \\$a  BK
=LAS  \\$aWR16_021$b00$c20160628$lBLL01$h1810

