=LDR  06085cas a22011897a 4500
=001  015604939
=003  Uk
=005  20100720121149.0
=007  ta
=008  100720d19041998stkwr\n\\\\\\\0\\\a0eng\\
=FMT  \\$a  SE
=022  0\$y1462-3382
=040  \\$aUk$beng$cUk
=082  04$a072.911$222
=245  04$aThe weekly news
=260  3\$aGlasgow :$bD.C. Thomson & Co.
=300  \\$av. :
=310  \\$aWeekly
=336  \\$atext$2rdacontent
=337  \\$aunmediated$2rdamedia
=338  \\$avolume$2rdacarrier
=500  \\$aPublished in Glasgow and Dundee (1986-).
=540  \\$aBritish Library not licensed to copy$c0$5Uk
=651  \0$aScotland$vNewspapers.
=752  \\$aScotland$bTayside$dDundee.$2blnpn
=780  00$tDundee Weekly News.$bTown/City ed.
=785  00$tScotland's Weekly News
=852  41$31885-1904$aBritish Library$bNPL$jNEWS1638
=852  41$31891$aBritish Library$bHMNTS$zMicroform.$jMFM.M53418 [1891]
=852  41$31885$aBritish Library$bHMNTS$zMicroform.$jMFM.M53412 [1885]
=852  41$31886$aBritish Library$bHMNTS$zMicroform.$jMFM.M53413 [1886]
=852  41$31887$aBritish Library$bHMNTS$zMicroform.$jMFM.M53414 [1887]
=852  41$31888$aBritish Library$bHMNTS$zMicroform.$jMFM.M53415 [1888]
=852  41$31889$aBritish Library$bHMNTS$zMicroform.$jMFM.M53416 [1889]
=852  41$31890$aBritish Library$bHMNTS$zMicroform.$jMFM.M53417 [1890]
=852  41$31892$aBritish Library$bHMNTS$zMicroform.$jMFM.M53420 [1892]
=852  41$31892$aBritish Library$bHMNTS$zMicroform.$jMFM.M53419 [1892]
=852  41$31893$aBritish Library$bHMNTS$zMicroform.$jMFM.M53422 [1893]
=852  41$31893$aBritish Library$bHMNTS$zMicroform.$jMFM.M53421 [1893]
=852  41$31894$aBritish Library$bHMNTS$zMicroform.$jMFM.M53424 [1894]
=852  41$31894$aBritish Library$bHMNTS$zMicroform.$jMFM.M53423 [1894]
=852  41$31895$aBritish Library$bHMNTS$zMicroform.$jMFM.M53425 [1895]
=852  41$31896$aBritish Library$bHMNTS$zMicroform.$jMFM.M53426 [1896]
=852  41$31897$aBritish Library$bHMNTS$zMicroform.$jMFM.M53427 [1897]
=852  41$31898$aBritish Library$bHMNTS$zMicroform.$jMFM.M53429 [1898]
=852  41$31898$aBritish Library$bHMNTS$zMicroform.$jMFM.M53428 [1898]
=852  41$31899$aBritish Library$bHMNTS$zMicroform.$jMFM.M53431 [1899]
=852  41$31899$aBritish Library$bHMNTS$zMicroform.$jMFM.M53430 [1899]
=852  41$31900$aBritish Library$bHMNTS$zMicroform.$jMFM.M53433 [1900]
=852  41$31900$aBritish Library$bHMNTS$zMicroform.$jMFM.M53432 [1900]
=852  41$31901$aBritish Library$bHMNTS$zMicroform.$jMFM.M53435 [1901]
=852  41$31901$aBritish Library$bHMNTS$zMicroform.$jMFM.M53434 [1901]
=852  41$31902$aBritish Library$bHMNTS$zMicroform.$jMFM.M53437 [1902]
=852  41$31902$aBritish Library$bHMNTS$zMicroform.$jMFM.M53436 [1902]
=852  41$31903$aBritish Library$bHMNTS$zMicroform.$jMFM.M53439 [1903]
=852  41$31903$aBritish Library$bHMNTS$zMicroform.$jMFM.M53438 [1903]
=852  41$31904$aBritish Library$bHMNTS$zMicroform.$jMFM.M53440 [1904]
=852  41$31904-1985$aBritish Library$bNPL$jNEWS16366
=852  41$aBritish Library$bNPL$cSCT$3No. 2546-7451 (5 Mar. 1904-4 Apr. 1998).***For 1912-1916 and 1919 to 1928 an extra set of The Weekly News is held. (No edition statement on front page)
=985  \\$aNew record created for print version. Title sequence does not match with ISSN records. DO NOT MERGE WITH ISSN RECORD. ISSN does not apply back to 1904, probably began after 1986 with split into Dundee and Glasgow eds.
=CAT  \\$a8128$b40$c20100720$lBLL01$h1208
=CAT  \\$aRESET-LEV$b50$c20210902$lBLL01$h2130
=CAT  \\$aRESET-LEV$b50$c20211002$lBLL01$h1730
=CAT  \\$aRESET-LEV$b50$c20211102$lBLL01$h0308
=CAT  \\$aRESET-LEV$b50$c20211202$lBLL01$h2126
=CAT  \\$aRESET-LEV$b50$c20220103$lBLL01$h0036
=CAT  \\$aRESET-LEV$b50$c20220202$lBLL01$h0141
=CAT  \\$aRESET-LEV$b50$c20220302$lBLL01$h0057
=CAT  \\$aRESET-LEV$b50$c20220402$lBLL01$h1729
=CAT  \\$aRESET-LEV$b50$c20220502$lBLL01$h0244
=CAT  \\$aRESET-LEV$b50$c20220602$lBLL01$h2128
=CAT  \\$aRESET-LEV$b50$c20220702$lBLL01$h1731
=CAT  \\$aRESET-LEV$b50$c20220802$lBLL01$h0355
=CAT  \\$aRESET-LEV$b50$c20220902$lBLL01$h2224
=CAT  \\$aRESET-LEV$b50$c20221003$lBLL01$h0416
=CAT  \\$aRESET-LEV$b50$c20221102$lBLL01$h0235
=CAT  \\$aRESET-LEV$b50$c20221202$lBLL01$h2227
=CAT  \\$aRESET-LEV$b50$c20230102$lBLL01$h0305
=CAT  \\$aRESET-LEV$b50$c20230202$lBLL01$h2130
=CAT  \\$aRESET-LEV$b50$c20230302$lBLL01$h2138
=CAT  \\$aRESET-LEV$b50$c20230403$lBLL01$h0243
=CAT  \\$aRESET-LEV$b50$c20230502$lBLL01$h0326
=CAT  \\$aRESET-LEV$b50$c20230602$lBLL01$h2229
=CAT  \\$aRESET-LEV$b50$c20230703$lBLL01$h0511
=CAT  \\$aRESET-LEV$b50$c20230802$lBLL01$h0212
=CAT  \\$aRESET-LEV$b50$c20230902$lBLL01$h1746
=CAT  \\$aRESET-LEV$b50$c20231002$lBLL01$h0449
=CFI  0\$aBritish Library not licensed to copy$c0$e01-jan-2014$hC$iCFP Excluded$5Uk
=CFI  2\$aBritish Library not licensed to copy$c0$e01-oct-2012$hC$iCFP Excluded$5Uk
=FIN  \\$aY$d20100720
=LKR  \\$aPAR$b015113319$lBLL01$nScotland's weekly news$mThe weekly news$r78500
=NID  \\$aNID0001111
=TCO  \\$aCLA$bCLA$c008
=ACF  \\$aBritish Library not licensed to copy$c0$e01-apr-2012$hC$iCLA Excluded$5Uk
=ACF  \\$aBritish Library not licensed to copy$c0$e01-jan-2012$hC$iCLA Excluded$5Uk
=ACF  \\$aBritish Library not licensed to copy$c0$e01-oct-2011$hC$iCLA Excluded$5Uk
=ACF  \\$aBritish Library not licensed to copy$c0$e01-jul-2011$hC$iCLA Excluded$5Uk
=ACF  \\$aBritish Library not licensed to copy$c0$e01-apr-2011$hC$iCLA Excluded$5Uk
=ACF  \\$aBritish Library not licensed to copy$c0$e01-jan-2011$hC$iCLA Excluded$5Uk
=ACF  \\$aBritish Library not licensed to copy$c0$e01-oct-2010$hC$iCLA Excluded$5Uk
=ACF  \\$aBritish Library not licensed to copy$c0$e01-jul-2012$hC$iCLA Excluded$5Uk
=LAS  \\$aRESET-LEV$b50$c20231002$lBLL01$h0449

