=LDR  03499cam a2200877 a 4500
=001  015613780
=003  Uk
=005  20230302181314.0
=008  100715s2010\\\\enkab\\\\b\\\|0|1\0|eng\d
=FMT  \\$a  BK
=015  \\$aGBB0A8837$2bnb
=016  7\$a015613780$2Uk
=020  \\$a9780856981951 (v. 1)
=020  \\$a0856981958 (v. 1)
=020  \\$a9780856981975 (v. 2)
=020  \\$a0856981974 (v. 2)
=035  \\$a(OCoLC)648778292
=040  \\$aNLE$cNLE$dYDXCP$dCDX$dUk
=042  \\$aukblsr
=050  \4$aDT
=082  04$a932$222
=100  1\$aKemp, Barry J.
=245  10$aBusy lives at Amarna :$bexcavations in the main city : (grid 12 and the House of Ranefer, N49.18) /$cby Barry Kemp and Anna Stevens ; with contributions by Paul Buckland ... [et al.].
=260  \\$aLondon :$bEgypt Exploration Society :$bAmarna Trust, McDonald Institute for Archaeological Research,$cc2010.
=300  \\$a2 v. :$bill. (some col.), maps ;$c31 cm.
=336  \\$atext$2rdacontent
=337  \\$aunmediated$2rdamedia
=338  \\$avolume$2rdacarrier
=490  0\$aExcavation memoir ;$v90th-91st
=500  \\$aVol. 1 includes 2 fold-out maps.
=504  \\$aIncludes bibliographical references and index.
=505  0\$av. 1. The excavations, architecture and environmental remains -- v. 2. The objects.
=540  \\$aCurrent Copyright Fee: GBP25.00$c0$5Uk
=651  \0$aTell el-Amarna (Egypt)
=650  \0$aDwellings$zEgypt$zTell el-Amarna.
=650  \0$aArchitecture, Domestic$zEgypt$zTell el-Amarna.
=650  \0$aExcavations (Archaeology)$zEgypt.
=651  \0$aEgypt$xAntiquities.
=700  1\$aStevens, Anna.
=710  2\$aEgypt Exploration Society.
=710  2\$aAmarna Trust.
=852  41$aBritish Library$bDSC$j3835.030000
=852  41$aBritish Library$bDSC$j3835.030000
=852  41$aBritish Library$bDSC$ivol. 2
=852  41$aBritish Library$bHMNTS$jYC.2010.b.1959$ivol. 1
=852  41$aBritish Library$bHMNTS$jYC.2010.b.1960$ivol. 2
=852  41$aBritish Library$bDSC$ivol. 1
=CAT  \\$a10983$b40$c20100729$lBLL01$h1433
=CAT  \\$a10983$b40$c20100729$lBLL01$h1437
=CAT  \\$a11250$b40$c20100908$lBLL01$h0935
=CAT  \\$a8411$b40$c20110602$lBLL01$h1550
=CAT  \\$a6989$b40$c20110606$lBLL01$h1602
=CAT  \\$aBATCH-CLA$b00$c20120928$lBLL01$h1832
=CAT  \\$aBATCH-CLA$b00$c20120930$lBLL01$h1039
=CAT  \\$aBATCH-CLA$b00$c20130508$lBLL01$h0724
=CAT  \\$aBATCH-CLA$b00$c20131202$lBLL01$h0337
=CAT  \\$aIPL-CLA$c20140101$lBLL01$h0134
=CAT  \\$aWR16_021$c20160629$lBLL01$h1802
=CAT  \\$aBATCH-CLA$b00$c20160630$lBLL01$h0114
=CAT  \\$aBATCH-CLA$b00$c20161221$lBLL01$h2014
=CAT  \\$aIPL-CLA$c20161230$lBLL01$h2346
=CAT  \\$aBATCH-CLA$b00$c20171221$lBLL01$h1302
=CAT  \\$aIPL-CLA$c20171231$lBLL01$h1802
=CAT  \\$aBATCH-CLA$b00$c20200218$lBLL01$h0424
=CAT  \\$aBATCH-CLA$b00$c20201203$lBLL01$h1359
=CAT  \\$aIPL-CLA$c20201231$lBLL01$h2323
=CAT  \\$aBATCH-CLA$b00$c20221206$lBLL01$h1714
=CAT  \\$aIPL-CLA$c20221231$lBLL01$h2255
=CAT  \\$aBATCH-CLA$b00$c20230302$lBLL01$h1813
=CFI  0\$aCurrent Copyright Fee: GBP25.00$c0$e09-feb-2023$fGBP25.00$g0$hC$5Uk
=FIN  \\$aY$d20100908
=SID  \\$aZ39$bOCLC
=TCO  \\$aCLA$bCLA$c008
=ACF  \\$aPrevious Copyright Fee: GBP12.30$c0$e01-jan-2014$fGBP12.30$g0$hC$5Uk
=ACF  \\$aPrevious Copyright Fee: GBP20.00$c0$e01-jan-2020$fGBP20.00$g0$hC$5Uk
=LAS  \\$aBATCH-CLA$b00$c20230302$lBLL01$h1813

