=LDR  02152ccm a2200493 a 4500
=001  015616977
=003  Uk
=005  20211210160305.0
=008  100729s2010\\\\xxubtz\\\||||||n\\|\zxx\d
=FMT  \\$a  MU
=020  \\$a0895796430
=020  \\$a9780895796431
=040  \\$aUk$beng$cUk
=082  04$a784.21556$222
=245  00$aStravinsky's Pulcinella :$ba facsimile of the sources and sketches /$cedited by Maureen A. Carr.
=260  \\$aMiddleton, WI :$bA-R Editions,$cc2010.
=300  \\$aix, 432 p. :$bill., facsims., music ;$c31 cm. +$e1 CD-ROM.
=336  \\$anotated music$2rdacontent
=337  \\$aunmediated$2rdamedia
=338  \\$avolume$2rdacarrier
=490  1\$aMusic in facsimile
=500  \\$aA collection of all the manuscript sources and sketches for Stravinsky's Pulcinella, together with introductory essays and bibliography.
=500  \\$aThe accompanying CD-Rom contains images of all the Pulcinella sources held in the British Library's collections of the Paul Sacher Stiftung and Stefan Zweig Collection (reproduced on pp. 290-355 of the volume).
=600  10$aStravinsky, Igor,$d1882-1971.$tPulcinella.
=600  10$aStravinsky, Igor,$d1882-1971$vManuscripts$vFacsimiles.
=650  \0$aMusic$vManuscripts$vFacsimiles.
=650  \0$aBallets.
=700  1\$aCarr, Maureen A.
=700  1\$aStravinsky, Igor,$d1882-1971.$tPulcinella.
=710  2\$aPaul Sacher Stiftung (Basel, Switzerland)
=710  2\$aBritish Library.
=830  \0$aMusic in facsimile (A-R Editions)
=852  41$aBritish Library$bDSC$cMUSIC$jVH05/.9893
=852  41$aBritish Library$bMUSIC$cREF$jM.R.Ref. 789 STR
=852  11$aBritish Library$bHMNTS$cSPHOA$kZWEIG MS 94*
=852  41$aBritish Library$bMUSIC$jg.1056.k.$iScore
=985  \\$aUnable to facilitate use of CD-ROM in reading rooms; relevant holdings record suppressed.
=CAT  \\$a11696$b40$c20100802$lBLL01$h1238
=CAT  \\$a8870$b40$c20100809$lBLL01$h1431
=CAT  \\$aW1904-0451$c20190428$lBLL01$h1311
=CAT  \\$a12274$b40$c20211210$lBLL01$h1600
=CAT  \\$a12274$b40$c20211210$lBLL01$h1603
=FIN  \\$aY$d02082010
=LAS  \\$a12274$b40$c20211210$lBLL01$h1603

