=LDR  02244pam a2200577 a 4500
=001  015650061
=003  Uk
=005  20160121143202.0
=008  100913s2011\\\\enka\\\\\b\\\|0|1\d|eng\d
=015  \\$aGBB0B1310$2bnb
=016  7\$a015650061$2Uk
=020  \\$a9781904271475 (cased) :$c£65.00
=020  \\$a1904271472 (cased) :$c£65.00
=020  \\$a9781904271482 (pbk.) :$c£16.99
=020  \\$a1904271480 (pbk.) :$c£16.99
=040  \\$aStDuBDS$beng$cStDuBDS$dUk
=042  \\$aukblsr
=082  04$a822.33$223
=130  0\$aSir Thomas More (Drama)
=245  10$aSir Thomas More /$coriginal text by Anthony Munday and Henry Chettle ; censored by Edmund Tilney ; revisions co-ordinated by Hand C. ; revised by Henry Chettle ... [et al.] ; edited by John Jowett.
=260  \\$aLondon :$bArden Shakespeare,$c2011.
=300  \\$axx, 522 p. :$bill. ;$c20 cm.
=336  \\$atext$2rdacontent
=337  \\$aunmediated$2rdamedia
=338  \\$avolume$2rdacarrier
=490  1\$aThe Arden Shakespeare. Third series
=500  \\$aAuthorship also attributed to Anthony Munday.
=500  \\$aFormerly CIP.$5Uk
=504  \\$aIncludes bibliographical references and index.
=600  10$aMore, Thomas,$cSir, Saint,$d1478-1535$vDrama.
=600  10$aMunday, Anthony,$d1553-1633$xCriticism and interpretation.
=650  \0$aChristian saints$zEngland$vDrama.
=651  \0$aGreat Britain$xHistory$yHenry VIII, 1509-1547$vDrama.
=700  1\$aMunday, Anthony,$d1553-1633.
=700  1\$aChettle, Henry,$d-1607?.
=700  1\$aJowett, John.
=700  1\$aTilney, Edmund,$d-1610.
=800  1\$aShakespeare, William,$d1564-1616.$tWorks.$f1995.
=852  41$aBritish Library$bHMNTS$jYC.2012.a.9043
=852  41$aBritish Library$bHMNTS$cSPHOA$kMSS 822.33.
=985  \\$aRecord amended for WR# 13/070
=CAT  \\$aBATCH-CIPN$b00$c20100914$lBLL01$h1701
=CAT  \\$a10876$b40$c20110328$lBLL01$h1155
=CAT  \\$a7000$b40$c20120504$lBLL01$h1156
=CAT  \\$aWR13_070$b00$c20130504$lBLL01$h0327
=CAT  \\$aBATCH-UPD$b00$c20150928$lBLL01$h2108
=CAT  \\$a8874$b40$c20160121$lBLL01$h1432
=CAT  \\$aWR16_021$c20160629$lBLL01$h1810
=FIN  \\$aY$d20120504
=FMT  \\$a  BK
=LAS  \\$aWR16_021$b00$c20160629$lBLL01$h1810

