=LDR  01772cam a2200505 a 4500
=001  015664653
=003  Uk
=005  20220331231259.0
=008  100928s2011\\\\enka\\\\\b\\\\001\0\eng\d
=FMT  \\$a  BK
=015  \\$aGBB0C0014$2bnb
=016  7\$a015664653$2Uk
=020  \\$a9781848826434 (hbk.) :$c£92.00
=020  \\$a1848826435 (hbk.) :$c£92.00
=020  \\$z9781848826441 (ebook)
=040  \\$aStDuBDS$beng$cStDuBDS$dUk
=042  \\$aukblcatcopy
=082  04$a616.044$222
=245  00$aEpigenetic aspects of chronic diseases /$cHelmtrud I. Roach, Felix Bronner, Richard O.C. Oreffo, editors.
=260  \\$aLondon :$bSpringer,$cc2011.
=300  \\$axvii, 236 p. :$bill. (some col.) ;$c27 cm.
=336  \\$atext$2rdacontent
=337  \\$aunmediated$2rdamedia
=338  \\$avolume$2rdacarrier
=504  \\$aIncludes bibliographical references and index.
=500  \\$aFormerly CIP.$5Uk
=540  \\$aBritish Library not licensed to copy$c0$5Uk
=650  \0$aChronic diseases.
=650  \0$aEpigenesis.
=700  1\$aRoach, Helmtrud I.
=700  1\$aBronner, Felix.
=700  1\$aOreffo, Richard O. C.
=852  41$aBritish Library$bDSC$jm11/.15748
=852  11$aBritish Library$bSTI$k(B)$m616.044
=CAT  \\$aBATCH-CIPN$b00$c20101005$lBLL01$h1700
=CAT  \\$aBATCH$b00$c20101208$lBLL01$h0851
=CAT  \\$a11029$b40$c20110518$lBLL01$h0748
=CAT  \\$a6632$b40$c20110519$lBLL01$h1411
=CAT  \\$a8964$b40$c20110523$lBLL01$h1053
=CAT  \\$aWR16_021$c20160630$lBLL01$h1803
=CAT  \\$aBATCH-CLAB$c20220330$lBLL01$h1745
=CAT  \\$aIPL-CLA$c20220331$lBLL01$h2312
=CFI  0\$aBritish Library not licensed to copy$c0$e01-apr-2022$hC$iCFP Excluded$5Uk
=FIN  \\$aY$d20110519
=LAS  \\$aIPL-CLA$b00$c20220331$lBLL01$h2312

