=LDR  02524 am a2200649 i 4500
=001  015679969
=003  Uk
=005  20190617152616.0
=008  101019s2010\\\\xxua\\\\\b\\\|001|0\eng|d
=010  \\$a2010007365  
=015  \\$aGBB0C9115$2bnb
=020  \\$a9781584562535$qhardback$qOak Knoll Press
=020  \\$a1584562536$qhardback$qOak Knoll Press
=020  \\$a9789061942702$qhardback$qHES & DE GRAAF Publishers BV$c£105.00
=020  \\$a9061942705$qhardback$qHES & DE GRAAF Publishers BV$c£105.00
=035  \\$a(OCoLC)ocn550550891
=040  \\$aUk$beng$cUk$erda
=042  \\$aukblsr
=043  \\$ae------
=050  00$aZ5776.G2$bN69 2010$aTX723.5.A1
=082  04$a016.641509409031$223
=084  \\$a06.21$2bcl
=100  1\$aNotaker, Henry,$eauthor,$ecompiler.
=245  10$aPrinted cookbooks in Europe, 1470-1700 :$ba bibliography of early modern culinary literature /$cHenry Notaker.
=250  \\$aFirst edition.
=264  \1$aNew Castle, DE :$bOak Knoll Press,$c2010.
=300  \\$aix, 395 pages :$billustrations (black and white) ;$c29 cm
=336  \\$atext$2rdacontent
=337  \\$aunmediated$2rdamedia
=338  \\$avolume$2rdacarrier
=500  \\$aFormerly CIP.$5Uk
=504  \\$aIncludes bibliographical references and indexes.
=650  \0$aCookbooks$zEurope$xEarly works to 1800$vBibliography.
=650  \0$aCooking$zEurope$xHistory$xEarly works to 1800$vBibliography.
=650  \0$aCooking, European$xEarly works to 1800$vBibliography.
=650  \0$aEarly printed books$zEurope$vBibliography.
=852  11$aBritish Library$bHMNTS$kRAR$h094.24
=852  41$aBritish Library$bHMNTS$jYD.2010.b.2938
=985  \\$aPotential duplicate - ISBN matched when loading CiP record - no Legal Deposit order cr
=BUF  \\$aN2$d20100909
=CAT  \\$aBATCH-CIPE$b00$c20101026$lBLL01$h1701
=CAT  \\$aW1801-1943$c20180217$lBLL01$h2057
=CAT  \\$a14259$b40$c20190617$lBLL01$h1314
=CAT  \\$a14259$b40$c20190617$lBLL01$h1356
=CAT  \\$a14259$b40$c20190617$lBLL01$h1359
=CAT  \\$a14259$b40$c20190617$lBLL01$h1436
=CAT  \\$a14259$b40$c20190617$lBLL01$h1449
=CAT  \\$a14259$b40$c20190617$lBLL01$h1505
=CAT  \\$a14259$b40$c20190617$lBLL01$h1515
=CAT  \\$a14259$b40$c20190617$lBLL01$h1517
=CAT  \\$a14259$b40$c20190617$lBLL01$h1524
=CAT  \\$a14259$b40$c20190617$lBLL01$h1525
=CAT  \\$a14259$b40$c20190617$lBLL01$h1526
=FIN  \\$aY$d20180207
=FMT  \\$a  BK
=LAS  \\$a14259$b40$c20190617$lBLL01$h1526
=SRC  \\$aBLL02

