=LDR  02413cam a2200589 a 4500
=001  015700160
=003  Uk
=005  20120517113706.0
=008  101015m20102011ii\\\\\g\b\\\a000\0deng\d
=FMT  \\$a  BK
=010  \\$a2010346679  
=035  \\$a(IiNdDKA)DK-207908-HBD
=040  \\$aIiNdDKA$beng$cIiNdDKA$dUk
=041  0\$aeng$asan
=042  \\$aukblsr
=050  \4$aPK3799.C33$bR36 2010
=082  04$a016.8912$222
=100  1\$aRanganath, S.
=245  10$a20th century Sanskrit poets and their contribution /$cauthor, S. Rangatnath ; general editor, Harekrishna Sathapathy ; editor, Korada Suryanarayana.
=246  17$aTwentieth century Sanskrit poets and their contribution
=260  \\$aTirupati :$bRashtriya Sanskrit Vidyapeetha,$c2010-2011.
=300  \\$a2 v. ;$c25 cm.
=336  \\$atext$2rdacontent
=337  \\$aunmediated$2rdamedia
=338  \\$avolume$2rdacarrier
=490  1\$aRashtriya Sanskrit Vidyapeetha publication series ;$v204, 249
=490  1\$aCentre of excellence publication series ;$v42, 83
=490  1\$aGolden jubilee publication series ;$v01, 39
=504  \\$aIncludes bibliographical references.
=546  \\$aIncludes verses in Sanskrit$b(roman).
=650  \0$aSanskrit poetry$y20th century$xHistory and criticism.
=650  \0$aPoets, Sanskrit$y20th century$vBio-bibliography.
=650  \0$aAuthors, Sanskrit$y20th century$vBio-bibliography.
=700  1\$aSuryanarayana, Korada.
=700  1\$aSatapathy, Harekrishna,$d1956-
=710  2\$aRāṣṭrīyasaṃskr̥tavidyāpīṭhaṃ, Tirupati.
=830  \0$aRashtriya Sanskrit Vidyapeetha, Tirupati series ;$v204, 249.
=830  \0$aSeries of Centre of Excellence in Traditional Shastras ;$v42, 83.
=830  \0$aGolden jubilee publication series (Rashtriya Sanskrit Vidyapeetha) ;$v01, 39.
=852  41$aBritish Library$bOC$jYD.2012.a.4469
=852  41$aBritish Library$bOC$ivol. 2
=852  41$aBritish Library$bOC$jYD.2011.a.4898$ivol. 1
=CAT  \\$aBATCH-DK$b00$c20101123$lBLL01$h1302
=CAT  \\$aBATCH$b00$c20101123$lBLL01$h1302
=CAT  \\$a11131$b40$c20110727$lBLL01$h0934
=CAT  \\$a11131$b40$c20110727$lBLL01$h0935
=CAT  \\$a11250$b40$c20120517$lBLL01$h1137
=CAT  \\$aBATCH-UPD$b40$c20171112$lBLL01$h2055
=CAT  \\$aBATCH-UPD$b40$c20221218$lBLL01$h2042
=FIN  \\$aY$d20110727
=SRC  \\$aDK - Supplier
=LAS  \\$aBATCH-UPD$b40$c20221218$lBLL01$h2042

