=LDR  01901aam a2200517 a 4500
=001  015708802
=003  Uk
=005  20111021110526.0
=007  ta
=008  100408s2010\\\\enka\\\g\b\\\\000\0\eng\d
=015  \\$aGBB117248$2bnb
=016  7\$a015708802$2Uk
=020  \\$a9780712358040 (hbk.) :$c£30.00
=020  \\$a0712358048 (hbk.) :$c£30.00
=035  \\$a(UkOxU)UkOxUb17354160
=040  \\$aUK-WkNB$beng$cUK-WkNB$dUkOxU$dUk
=042  \\$aukscp
=082  04$a745.6197$223
=245  04$aThe Macclesfield alphabet book :$bBL additional MS 88887 : a facsimile /$cintroduced by Christopher De Hamel and Patricia Lovett.
=260  \\$aLondon :$bBritish Library,$c2010.
=300  \\$a30, 46 p. :$bcol. ill. ;$c27 cm.
=336  \\$atext$2rdacontent
=337  \\$aunmediated$2rdamedia
=338  \\$avolume$2rdacarrier
=504  \\$aIncludes bibliographical references.
=600  10$aParker family$xLibrary.
=610  20$aBritish Library.$kManuscript.$nAdditional 88887.
=650  \0$aLettering$vEarly works to 1800.
=650  \0$aIllumination of books and manuscripts$vEarly works to 1800.
=650  \0$aManuscripts, Latin (Medieval and modern)$zEngland$zLondon$vFacsimiles.
=700  1\$aDe Hamel, Christopher,$d1950-
=700  1\$aLovett, Patricia.
=852  11$aBritish Library$bHMNTS$kMSS$h745.6197
=852  41$aBritish Library$bHMNTS$jYK.2011.b.14583
=985  \\$aLDL record matched & merged
=CAT  \\$aBATCH-CMLD$b00$c20101204$lBLL01$h1717
=CAT  \\$a10958$b40$c20110105$lBLL01$h1727
=CAT  \\$aBATCH-LDLE$b00$c20110207$lBLL01$h2051
=CAT  \\$aBATCH-LDLL$b00$c20110207$lBLL01$h2051
=CAT  \\$aBATCH-LDL4$b00$c20110207$lBLL01$h2052
=CAT  \\$a11325$b40$c20111021$lBLL01$h1105
=CAT  \\$aWR16_021$c20160701$lBLL01$h1803
=FIN  \\$aY$d20111021
=FMT  \\$a  BK
=LAS  \\$aWR16_021$b00$c20160701$lBLL01$h1803
=SRC  \\$aNielsen Bookdata

