=LDR  02214 am a2200577 i 4500
=001  015748025
=003  Uk
=005  20180808104756.0
=008  100630m20089999fr\a\\\\\bc\\|0|1\0|fre\\
=010  \\$a  2010499380
=020  \\$a9782868820846$qv. 1
=020  \\$a9782868820914$qv. 2
=020  \\$a9782868820969$qv. 3
=020  \\$a9782868821072$qv. 4
=020  \\$a9782868821171$qv. 5
=020  \\$a9782868821348$qv. 6
=035  \\$a(FrPJT)JTL00275806
=040  \\$aDLC$beng$cDLC$dUk$erda
=042  \\$aukblsr
=050  00$aNC287.M5$bA4 2008
=100  1\$aDupin, Jacques,$eauthor.
=245  10$aJoan Miró :$bcatalogue raisonné : drawings /$cJacques Dupin, Ariane Lelong-Mainaud ; [translators: Unity Woodman and Paul B. Franklin].
=246  30$aMiró
=264  \1$aParis :$bDaniel Lelong and Successió Miró,$c[2008-2018]
=300  \\$a6 volumes :$billustrations (black and white, and colour) ;$c33 cm
=336  \\$atext$2rdacontent
=337  \\$aunmediated$2rdamedia
=338  \\$avolume$2rdacarrier
=504  \\$aIncludes bibliographical references and indexes.
=505  0\$av. 1. 1901-1037 -- v. 2. 1938-1959 -- v. 3. 1960-1972 -- v. 4. 1973-1976 -- v. 5. 1977 -- v. 6. 1978-1981.
=600  10$aMiró, Joan,$d1893-1983$vCatalogues raisonnés.
=700  1\$aMiró, Joan,$d1893-1983,$eartist.
=700  1\$aLelong-Mainaud, Ariane,$eauthor.
=852  41$aBritish Library$bHMNTS$jLF.31.b.13366$ivol. 5
=852  41$aBritish Library$bHMNTS$jLD.31.b.4221$ivol. 6
=852  41$aBritish Library$bHMNTS$jLD.31.b.3264$ivol. 3
=852  41$aBritish Library$bHMNTS$ivol. 3
=852  41$aBritish Library$bHMNTS$jLD.31.b.3621$ivol. 4
=852  41$aBritish Library$bHMNTS$jLF.31.b.7736
=CAT  \\$a7233$b40$c20110208$lBLL01$h1412
=CAT  \\$a10905$b40$c20110706$lBLL01$h0931
=CAT  \\$a10905$b40$c20110706$lBLL01$h1022
=CAT  \\$a11250$b40$c20121102$lBLL01$h1413
=CAT  \\$a11250$b40$c20140317$lBLL01$h1358
=CAT  \\$a11250$b40$c20180801$lBLL01$h1213
=CAT  \\$a11250$b40$c20180801$lBLL01$h1216
=CAT  \\$a11250$b40$c20180808$lBLL01$h1047
=FIN  \\$aY$d20110706
=FMT  \\$a  BK
=LAS  \\$a11250$b40$c20180808$lBLL01$h1047
=SRC  \\$aBLL02

