=LDR  01457pam a2200421 a 4500
=001  015748895
=003  Uk
=005  20120208155228.0
=008  110201s2011\\\\enka\\\\\b\\\\001\0\eng\d
=015  \\$aGBB118335$2bnb
=016  7\$a015748895$2Uk
=020  \\$a9781848841307 (pbk.) :$c£12.99
=020  \\$a1848841302 (pbk.) :$c£12.99
=040  \\$aStDuBDS$beng$cStDuBDS$dUk
=042  \\$aukblcatcopy
=082  04$a929.10720421$222
=100  1\$aOates, Jonathan.
=245  10$aTracing your London ancestors :$ba guide for family historians /$cby Jonathan Oates.
=260  \\$aBarnsley :$bPen & Sword Family History,$c2011.
=300  \\$aviii, 183 p. :$bill. ;$c24 cm.
=336  \\$atext$2rdacontent
=337  \\$aunmediated$2rdamedia
=338  \\$avolume$2rdacarrier
=500  \\$aFormerly CIP.$5Uk
=504  \\$aIncludes bibliographical references and index.
=650  \0$aArchival resources$zEngland$zLondon.
=651  \0$aLondon (England)$xGenealogy.
=852  41$aBritish Library$bHMNTS$jYK.2012.a.4491
=852  11$aBritish Library$bHMNTS$kNRR$h929.3
=CAT  \\$aBATCH-CIPN$b00$c20110208$lBLL01$h1700
=CAT  \\$aBATCH-UPD$b00$c20110406$lBLL01$h1653
=CAT  \\$a6923$b40$c20110707$lBLL01$h0939
=CAT  \\$a6605$b40$c20120208$lBLL01$h1552
=CAT  \\$aBATCH-UPD$b40$c20120903$lBLL01$h0523
=CAT  \\$aWR16_021$c20160701$lBLL01$h1812
=FIN  \\$aY$d20120208
=FMT  \\$a  BK
=LAS  \\$aWR16_021$b00$c20160701$lBLL01$h1812

