=LDR  02722aas a2200673 a 4500
=001  015756718
=003  Uk
=005  20111011084730.0
=007  hd\afa015bacu
=008  870707d19862004enkdn\nea\\\\\0\\\a0eng\\
=022  0\$a0951-9467
=040  \\$aUk$beng$cUk$dUk
=042  \\$aukblsr
=082  04$a072.1$223
=130  0\$aIndependent (London, England : 1986)
=222  \0$aIndependent$b(London. 1986)
=245  14$aThe independent$h[microform].
=260  \\$aLondon :$bNewspaper Publishing,$c1986-2004.
=260  3\$aLondon :$bIndependent Newspapers
=300  \\$av. :$bill., ports.
=310  \\$aDaily (except Sun.)
=336  \\$atext$2rdacontent
=337  \\$amicroform$2rdamedia
=338  \\$amicrofilm reel$2rdacarrier
=362  0\$aNo. 1 (7 Oct. 1986)-9 Feb. 2004.
=525  \\$aIncludes supplements.
=533  \\$aMicrofilm.$bLondon :$cBritish Library.$e35 mm.$mNo. 1 (7 Oct. 1986)-9 Feb. 2004.
=533  \\$aMicrofilm.$bReading :$cPrimary Source Media (formerly Research Publications),$e35 mm.$mNo. 1 (7 Oct. 1986)-9 Feb. 2004.$nPurchased microfilm.
=580  \\$aRan parallel with, then continued as: The independent (Compact ed.).
=588  \\$aLatest issue consulted: No. 4743 (31 Dec. 2001).
=651  \0$aGreat Britain$vNewspapers.
=752  \\$aEngland$dLondon.$2blnpn
=770  0\$tIndependent magazine$x0959-3195
=775  1\$tIndependent$c(Compact ed.)$x1741-9743
=776  1\$tIndependent and the Independent on Sunday on CD-ROM (CD-ROM)$x1476-8852
=785  00$tIndependent$c(Compact ed.)$x1741-9743
=787  0\$tIndependent on Sunday$x0958-1723
=852  41$31986$aBritish Library$bHMNTS$kMFM$hMLD11A$z1-14 Oct 1986 - Dummy Issues$zMicroform.$37 Oct 1986-9th Feb. 2004.
=852  41$31986-2004$aBritish Library$bHMNTS$kMFM$hMLD11A$z7 Oct 1986-2004$zMicroform.
=852  41$aBritish Library$bDSC$cF$j4375.876950$37 Oct. 1986-9 Feb. 2004
=CAT  \\$a10932$b40$c20110221$lBLL01$h1218
=CAT  \\$a10932$b40$c20110221$lBLL01$h1224
=CAT  \\$a10932$b40$c20110221$lBLL01$h1411
=CAT  \\$a10932$b40$c20110221$lBLL01$h1421
=CAT  \\$a10932$b40$c20110221$lBLL01$h1438
=CAT  \\$a10932$b40$c20110222$lBLL01$h0835
=CAT  \\$a10932$b40$c20110222$lBLL01$h1209
=CAT  \\$aADD-NID$b00$c20110805$lBLL01$h1431
=CAT  \\$a11205$b40$c20111006$lBLL01$h1137
=CAT  \\$a11205$b40$c20111006$lBLL01$h1138
=CAT  \\$a8323$b40$c20111011$lBLL01$h0845
=CAT  \\$a8323$b40$c20111011$lBLL01$h0847
=CAT  \\$aNPL-LOCK$b77$c20140207$lBLL01$h2220
=CAT  \\$aNPL-UNLOCK$b00$c20140216$lBLL01$h0851
=FIN  \\$aY
=FMT  \\$a  SE
=LAS  \\$aNPL-UNLOCK$b00$c20140216$lBLL01$h0851
=NID  \\$aNID0000014
=TCO  \\$aCLA$bCLA$c008

