=LDR  01647pam a2200481 a 4500
=001  015771386
=003  Uk
=005  20180703174438.0
=008  110725s2011\\\\stk\\\\j\d\\\\000\0\eng\c
=015  \\$aGBB133731$2bnb
=016  7\$a015771386$2Uk
=020  \\$a9780007393626 (hbk.) :$c£22.50
=020  \\$a0007393628 (hbk.) :$c£22.50
=035  \\$a(StEdNL)4527973
=040  \\$aStDuBDS$beng$cStDuBDS$dStEdNL$dUk
=042  \\$aukscp
=082  04$a443.21$222
=245  00$aCollins Robert French dictionary /$c[editorial staff: Sabine Citron ... et al.].
=246  14$aCollins Robert concise French dictionary
=250  \\$a8th ed.
=260  \\$aGlasgow :$bHarperCollins,$c2011.
=300  \\$axxvi, 1632 p. ;$c24 cm.
=336  \\$atext$2rdacontent
=337  \\$aunmediated$2rdamedia
=338  \\$avolume$2rdacarrier
=500  \\$aFormerly CIP.$5Uk
=650  \0$aFrench language$vDictionaries$xEnglish.
=650  \0$aEnglish language$vDictionaries$xFrench.
=700  1\$aCitron, Sabine.
=852  11$aBritish Library$bHMNTS$cSPHOA$kNRR443
=852  41$aBritish Library$bHMNTS$jYK.2012.a.5948
=985  \\$aLDL record matched & merged
=CAT  \\$aBATCH-CIPN$b00$c20110315$lBLL01$h1700
=CAT  \\$a10812$b40$c20110725$lBLL01$h1311
=CAT  \\$aBATCH-LDLE$b00$c20110801$lBLL01$h2119
=CAT  \\$aBATCH-LDLL$b00$c20110801$lBLL01$h2121
=CAT  \\$aBATCH-LDL4$b00$c20110801$lBLL01$h2121
=CAT  \\$a8202$b40$c20120224$lBLL01$h1510
=CAT  \\$aWR16_021$c20160701$lBLL01$h1817
=CAT  \\$aW1806-2088$c20180703$lBLL01$h1744
=FIN  \\$aY$d20120224
=FMT  \\$a  BK
=LAS  \\$aW1806-2088$b00$c20180703$lBLL01$h1744

