=LDR  01644pam a2200469 a 4500
=001  015798792
=003  Uk
=005  20120911164726.0
=008  110421s2012\\\\xxuab\\\\b\\\|001\0\eng|d
=015  \\$aGBB152548$2bnb
=016  7\$a015798792$2Uk
=020  \\$a9780205835447 (v. 1 : pbk.) :$c£44.99
=020  \\$a0205835449 (v. 1 : pbk.) :$c£44.99
=020  \\$a9780205835454 (v. 2 : pbk.) :$c£44.99
=020  \\$a0205835457 (v. 2 : pbk.) :$c£44.99
=040  \\$aStDuBDS$beng$cStDuBDS$dUk
=042  \\$aukblsr
=082  04$a909$223
=100  1\$aJudge, Edward H.
=245  10$aConnections :$ba world history /$cEdward H. Judge, John W. Langdon.
=250  \\$a2nd ed.
=260  \\$aUpper Saddle River, N.J. ;$aHarlow :$bPearson Education,$cc2012.
=300  \\$a2 v. (xxviii, 944 p.) :$bill. (some col.), col. maps ;$c26 cm.
=336  \\$atext$2rdacontent
=337  \\$aunmediated$2rdamedia
=338  \\$avolume$2rdacarrier
=500  \\$aFormerly CIP.$5Uk
=504  \\$aIncludes bibliographical references and index.
=505  0\$av. 1. To 1650 -- v. 2. Since 1400.
=650  \0$aWorld history.
=700  1\$aLangdon, John W.
=852  41$aBritish Library$bHMNTS$jYK.2012.b.9385$ivol. 2
=852  41$aBritish Library$bHMNTS$ivol. 1
=CAT  \\$aBATCH-CIPN$b00$c20110503$lBLL01$h1722
=CAT  \\$a11029$b40$c20120222$lBLL01$h0936
=CAT  \\$a6989$b40$c20120911$lBLL01$h1647
=CAT  \\$aWR16_021$c20160701$lBLL01$h1822
=CAT  \\$aBATCH-UPD$b00$c20160701$lBLL01$h2046
=CAT  \\$aBATCH-UPD$b00$c20180615$lBLL01$h2036
=FIN  \\$aY$d20120911
=FMT  \\$a  BK
=LAS  \\$aBATCH-UPD$b00$c20180615$lBLL01$h2036

