=LDR  02668pam a2200673 a 4500
=001  015799688
=003  Uk
=005  20141125092432.0
=008  110725s2011\\\\caua\\\\\6\\\\000\1\eng\d
=015  \\$aGBB153444$2bnb
=016  7\$a015799688$2Uk
=020  \\$a9781607062400 (bk. 1)
=020  \\$a1607062402 (bk. 1)
=020  \\$a9781607062424 (bk. 2)
=020  \\$a1607062429 (bk. 2)
=035  \\$a(OCoLC)742398248$z(OCoLC)711045410
=040  \\$aStDuBDS$beng$cStDuBDS$dUk
=042  \\$aukblsr
=082  04$a741.5973$223
=100  1\$aBendis, Brian Michael.
=245  10$aSam and Twitch :$bthe complete collection /$c[story, Brian Michael Bendis ; pencils, Angel Medina, Jamie Tolagson, Alberto Ponticelli ; inks, Jonathan Glapion ; lettering, Richard Starkings/Comicraft ; color, Todd Broeker, Jay Fotos, Drew Hutchinson].
=260  \\$aBerkeley, Calif. :$bImage Comics,$c2011.
=300  \\$a2 v. :$bchiefly ill. (chiefly col.) ;$c29 cm.
=336  \\$atext$2rdacontent
=337  \\$aunmediated$2rdamedia
=338  \\$avolume$2rdacarrier
=500  \\$aContributors vary. Volume 2 / story, Brian Michael Bendis, Todd McFarlane ; pencils, Clayton Crain ; inks, Jonathan Glapion ; art, Alex Maleev, Paul Lee.
=500  \\$a"Originally published in single magazine form as Sam and Twitch issues 1-13"--Bk. 1, t.p. verso.
=500  \\$a"Originally published in single magazine form as Sam and Twitch issues 14-26"--Bk. 2, t.p. verso.
=500  \\$aFormerly CIP.$5Uk
=610  10$aNew York (N.Y.).$bPolice Department$vComic books, strips, etc.$vFiction.
=650  \0$aComic books, strips, etc.
=655  \0$aGraphic novels.
=700  1\$aBroeker, Todd.
=700  1\$aCrain, Clayton.
=700  1\$aFotos, Jay.
=700  1\$aGlapion, Jonathan.
=700  1\$aHutchinson, Drew.
=700  1\$aLee, Paul$c(Illustrator)
=700  1\$aMaleev, Alexander.
=700  1\$aMcFarlane, Todd.
=700  1\$aMedina, Angel,$d1964-
=700  1\$aPonticelli, Alberto.
=700  1\$aStarkings, Richard.
=700  1\$aTolagson, Jamie.
=852  41$aBritish Library$bHMNTS$jYK.2012.b.2587
=852  41$aBritish Library$bHMNTS$iYK.2011.b.14830
=985  \\$aRecord amended for WR# 13/070
=CAT  \\$aBATCH-CIPN$b00$c20110503$lBLL01$h1723
=CAT  \\$a11317$b40$c20111031$lBLL01$h1408
=CAT  \\$a11317$b40$c20120302$lBLL01$h1134
=CAT  \\$a9665$b40$c20120615$lBLL01$h1254
=CAT  \\$aWR13_070$b00$c20130504$lBLL01$h0331
=CAT  \\$a11014$b40$c20141125$lBLL01$h0924
=CAT  \\$aWR16_021$c20160701$lBLL01$h1823
=FIN  \\$aY$d20111031
=FMT  \\$a  BK
=LAS  \\$aWR16_021$b00$c20160701$lBLL01$h1823
=SID  \\$aZ39$bOCLC

