=LDR  01924 am a2200565 i 4500
=001  015809630
=003  Uk
=005  20130603213052.0
=008  110512t20132013enk\\\\\\b\\\\001\0\eng\d
=015  \\$aGBB159810$2bnb
=016  7\$a015809630$2Uk
=020  \\$a9781849461757 (hbk.) :$c£60.00
=020  \\$a1849461759 (hbk.) :$c£60.00
=035  \\$a(UkCU)5477014
=040  \\$aStDuBDS$beng$cStDuBDS$dUk$dUkCU$erda
=042  \\$aukscp
=050  \4$aK235$b.L39 2013
=082  04$a340.1$223
=245  00$aLaw, virtue and justice /$cedited by Amalia Amaya and Ho Hock Lai.
=264  \1$aOxford :$bHart Publishing,$c2013.
=264  \4$c©2013
=300  \\$avii, 328 pages ;$c24 cm.
=336  \\$atext$2rdacontent
=337  \\$aunmediated$2rdamedia
=338  \\$avolume$2rdacarrier
=490  1\$aLaw and practical reason ;$vvolume 5
=504  \\$aIncludes bibliographical references and index.
=650  \0$aLaw$xPhilosophy.
=650  \0$aJustice (Philosophy)
=650  \0$aVirtue.
=700  1\$aAmaya, Amalia,$eeditor of compilation.
=700  1\$aHo, H. L.$q(Hock Lai),$eeditor of compilation.
=830  \0$aLaw and practical reason ;$vv. 5.
=852  \\$aBritish Library$bLAWBL$hJurisp 510 A489.5a
=852  41$aBritish Library$bHMNTS$jSPIS340.1
=985  \\$aLDL record matched & merged
=CAT  \\$aBATCH-CIPN$b00$c20110517$lBLL01$h1701
=CAT  \\$aBATCH-CIPC$b00$c20120605$lBLL01$h1701
=CAT  \\$a11168$b40$c20130304$lBLL01$h1357
=CAT  \\$a9657$b40$c20130305$lBLL01$h1056
=CAT  \\$a11306$b40$c20130308$lBLL01$h1234
=CAT  \\$aBATCH-LDLE$b00$c20130603$lBLL01$h2129
=CAT  \\$aBATCH-LDLL$b00$c20130603$lBLL01$h2130
=CAT  \\$aBATCH-LDL4$b00$c20130603$lBLL01$h2131
=CAT  \\$aBATCH-UPD$b00$c20151202$lBLL01$h0452
=EXP  \\$aX$d20130720
=FIN  \\$aY$d20130305
=FMT  \\$a  BK
=LAS  \\$aBATCH-UPD$b00$c20151202$lBLL01$h0452
=SRC  \\$aBDZ$bblihback

