=LDR  01795pam a2200493 i 4500
=001  015826801
=003  Uk
=005  20180713145332.0
=008  110613s2011\\\\enka\\\\\b\\\\001\0\eng\d
=015  \\$aGBB173023$2bnb
=016  7\$a015826801$2Uk
=020  \\$a9783034307499$qset
=020  \\$a3034307497$qset
=040  \\$aStDuBDS$beng$cStDuBDS$dUk$erda
=042  \\$aukblsr
=082  04$a328.41071$223
=100  1\$aRaina, Peter K.,$d1935-$eauthor.
=245  10$aHouse of Lords reform : a history.$pThe origins to 1937 : proposals deferred /$cPeter Raina.
=246  30$aThe origins to 1937 :$bproposals deferred
=264  \1$aOxford :$bPeter Lang,$c[2011]
=300  \\$a2 volumes :$billustrations (black and white, and colour) ;$c23 cm
=336  \\$atext$2rdacontent
=337  \\$aunmediated$2rdamedia
=338  \\$avolume$2rdacarrier
=500  \\$a"Volume 1"--cover.
=500  \\$aFormerly CIP.$5Uk
=504  \\$aIncludes bibliographical references and index.
=610  10$aGreat Britain.$bParliament.$bHouse of Lords$xReform.
=650  \0$aLegislative bodies$zGreat Britain$xReform.
=852  41$aBritish Library$bHMNTS$jYC.2018.a.9960$ibk. 1
=852  41$aBritish Library$bHMNTS$jYC.2018.a.9961$ibk. 2
=852  41$aBritish Library$bHMNTS$ivol. 2
=852  41$aBritish Library$bHMNTS$jYD.2012.a.254
=CAT  \\$aBATCH-CIPN$b00$c20110614$lBLL01$h1701
=CAT  \\$a11250$b40$c20120110$lBLL01$h1425
=CAT  \\$a8157$b40$c20131016$lBLL01$h1448
=CAT  \\$a6989$b40$c20131223$lBLL01$h1515
=CAT  \\$aWR16_021$c20160702$lBLL01$h1805
=CAT  \\$a9665$b40$c20180713$lBLL01$h1446
=CAT  \\$a9665$b40$c20180713$lBLL01$h1452
=CAT  \\$a9665$b40$c20180713$lBLL01$h1453
=FIN  \\$aY$d20120110
=FMT  \\$a  BK
=LAS  \\$a9665$b40$c20180713$lBLL01$h1453

