=LDR  01366pam a2200397 a 4500
=001  015837592
=003  Uk
=005  20120815105725.0
=008  110627s2012\\\\enkab\\\\b\\\\001\0\eng\d
=015  \\$aGBB178550$2bnb
=016  7\$a015837592$2Uk
=020  \\$a9781845284770 (pbk.) :$c£12.99
=020  \\$a1845284771 (pbk.) :$c£12.99
=040  \\$aStDuBDS$beng$cStDuBDS$dUk
=042  \\$aukblcatcopy
=082  04$a929.1072041$222
=100  1\$aDavis, Graeme,$d1965-
=245  10$aSolving genealogy problems :$bhow to break down 'brick walls' and build your family tree /$cGraeme Davis.
=260  \\$aOxford :$bHow To Books,$cc2012.
=300  \\$axii, 204 p. :$bill., 1 map ;$c24 cm.
=336  \\$atext$2rdacontent
=337  \\$aunmediated$2rdamedia
=338  \\$avolume$2rdacarrier
=500  \\$aFormerly CIP.$5Uk
=504  \\$aIncludes bibliographical references and index.
=651  \0$aGreat Britain$xGenealogy.
=852  41$aBritish Library$bHMNTS$kNRR$h929.3
=852  41$aBritish Library$bHMNTS$jYK.2012.a.22518
=CAT  \\$aBATCH-CIPN$b00$c20110628$lBLL01$h1701
=CAT  \\$aBATCH-CIPC$b00$c20110802$lBLL01$h1701
=CAT  \\$a6923$b40$c20120109$lBLL01$h1335
=CAT  \\$a6632$b40$c20120815$lBLL01$h1057
=CAT  \\$aWR16_021$c20160702$lBLL01$h1806
=FIN  \\$aY$d20120815
=FMT  \\$a  BK
=LAS  \\$aWR16_021$b00$c20160702$lBLL01$h1806

