=LDR  02049pam a2200565 a 4500
=001  015842150
=003  Uk
=005  20130412131904.0
=008  110630m20112012paua\\\\\6\\\\000\1\eng|d
=015  \\$aGBB181519$2bnb
=016  7\$a015842150$2Uk
=020  \\$a9781613450055 (v. 1) :$c£37.99
=020  \\$a1613450052 (v. 1) :$c£37.99
=020  \\$a9781613450239 (v. 2) :$c£37.99
=020  \\$a1613450230 (v. 2) :$c£37.99
=040  \\$aStDuBDS$beng$cStDuBDS$dUk
=042  \\$aukblsr
=082  04$a741.5973$223
=100  1\$aHarris, Bill.
=245  14$aThe Phantom, the complete series.$pThe Gold Key years /$c[scripts by Bill Harris ; artwork by Bill Lignante].
=246  30$aGold Key years
=260  \\$aNeshannock, Pa. :$bHermes Press,$c2011-2012.
=300  \\$a2 v. :$bchiefly ill. (chiefly col.) ;$c26 cm.
=336  \\$atext$2rdacontent
=337  \\$aunmediated$2rdamedia
=338  \\$avolume$2rdacarrier
=500  \\$aArtists vary slightly in second volume.
=500  \\$aOriginally published in single comic book form, 1962-1966.
=500  \\$aFormerly CIP.$5Uk
=650  \0$aPhantom (Fictitious character)$vComic books, strips, etc.$vFiction.
=650  \0$aSuperhero comic books, strips, etc.
=650  \0$aYoung adult fiction, American.
=655  \0$aComic books, strips, etc.
=700  1\$aLignante, Bill.
=700  1\$aMoore, Sparky.
=700  1\$aCerta, Joe,$d1919-1986.
=852  41$aBritish Library$bHMNTS$jYK.2012.b.1795$ivol. 1
=852  41$aBritish Library$bHMNTS$ivol. 2
=CAT  \\$aBATCH-CIPN$b00$c20110705$lBLL01$h1701
=CAT  \\$a12323$b40$c20111215$lBLL01$h1102
=CAT  \\$a11317$b40$c20120209$lBLL01$h1455
=CAT  \\$a11317$b40$c20120210$lBLL01$h0906
=CAT  \\$a11317$b40$c20120511$lBLL01$h1449
=CAT  \\$a11317$b40$c20120511$lBLL01$h1453
=CAT  \\$a9665$b40$c20120618$lBLL01$h1133
=CAT  \\$a11317$b40$c20130412$lBLL01$h1319
=CAT  \\$aWR16_021$c20160702$lBLL01$h1808
=FIN  \\$aY$d20120209
=FMT  \\$a  BK
=LAS  \\$aWR16_021$b00$c20160702$lBLL01$h1808

