=LDR  01898 am a22004693a 4500
=001  015849383
=003  Uk
=005  20111202123701.0
=008  110718s2011\\\\ne\bdf\\\\\\\\001\0\eng\\
=020  \\$a9789061944409
=020  \\$a9061944406
=040  \\$aERASA$cERASA$dYDXCP$dGZN$dDLC
=041  0\$aeng$brus$bpol
=042  \\$aukblcatcopy
=082  \\$a526$qUK-WkNB
=245  00$aMaps in books of Russia and Poland :$bpublished in the Netherlands to 1800 /$cPaula van Gestel-van het Schip ... [et al.].
=260  \\$aHouten :$bHES & De Graaf Publishers BV$cc2011.
=300  \\$a724 p. :$bill. (some col.), maps (some col.) ;$c32 cm.
=336  \\$atext$2rdacontent
=337  \\$aunmediated$2rdamedia
=338  \\$avolume$2rdacarrier
=490  1\$aResearch programme Explokart, Utrecht studies in the history of cartography ;$v13
=500  \\$a"View of Moscow in Reizen over Moskovie by Cornelis de Bruijn, 1711/1714" folded in back pocket.
=504  \\$aIncludes bibliographical references and indexes.
=546  \\$aEnglish text with introductions, descriptive methodology, and summaries in Russian and Polish.
=650  \0$aCartography$zNetherlands.
=650  \0$aCartography$zNetherlands$vBibliography.
=651  \0$aRussia$xMaps.
=651  \0$aRussia$xMaps$vBibliography.
=651  \0$aPoland$vMaps.
=651  \0$aPoland$xMaps$vBibliography.
=700  1\$aGestel-van het Schip, Paula van.
=830  \0$aUtrechtse historisch-kartografische Studies ;$v13.
=852  41$aBritish Library$bHMNTS$cSPHOA$kMaps Ref.J.6a.(68.)
=852  41$aBritish Library$bMAPS$jMaps 238.b.24.
=985  \\$aCorrected by MS generated file for WR# 12.018
=CAT  \\$a01973$b40$c20110718$lBLL01$h0906
=CAT  \\$a12819$b40$c20111202$lBLL01$h1237
=CAT  \\$aBLSS-CORR$b00$c20120724$lBLL01$h1801
=FIN  \\$aY$d20111202
=FMT  \\$a  BK
=LAS  \\$aBLSS-CORR$b00$c20120724$lBLL01$h1801

