=LDR  01832aam a2200541 a 4500
=001  015897292
=003  Uk
=005  20150219134233.0
=007  ta
=008  110209s2011\\\\enka\\\\\b\\\\000|0\eng\d
=015  \\$aGBB1C0388$2bnb
=016  7\$a015897292$2Uk
=020  \\$a9780712358187
=035  \\$a(UkOxU)017835173
=035  \\$a(UK-WkNB)9780712358187
=035  \\$a(StEdALDL)1/2673149
=040  \\$aUkOxU$beng$cUkOxU$dUk
=042  \\$aukscp
=082  04$a745.67$223
=100  1\$aWalker-Meikle, Kathleen.
=245  10$aMedieval cats /$cKathleen Walker-Meikle.
=260  \\$aLondon :$bBritish Library,$c2011.
=300  \\$a89 p. :$bcol. ill. ;$c20 cm
=336  \\$atext$2rdacontent
=337  \\$aunmediated$2rdamedia
=338  \\$avolume$2rdacarrier
=500  \\$aIllustrated endpapers.
=504  \\$aIncludes bibliographical references (p. 88).
=650  \0$aCats in art$xHistory$yTo 1500.
=650  \0$aCats in art$xHistory$yTo 1500$vPictorial works.
=650  \0$aIllumination of books and manuscripts, Medieval.
=650  \0$aIllumination of books and manuscripts, Medieval$vPictorial works.
=710  2\$aBritish Library.
=852  41$aBritish Library$bHMNTS$cSPHOA
=852  41$aBritish Library$bHMNTS$jYK.2012.a.16775
=985  \\$aLDL record matched & merged
=CAT  \\$a6923$b40$c20110923$lBLL01$h1307
=CAT  \\$a6923$b40$c20110923$lBLL01$h1308
=CAT  \\$aBATCH-LDLE$b00$c20111017$lBLL01$h2101
=CAT  \\$aBATCH-LDLL$b00$c20111017$lBLL01$h2101
=CAT  \\$aBATCH-LDL4$b00$c20111017$lBLL01$h2102
=CAT  \\$a5375$b40$c20120503$lBLL01$h1653
=CAT  \\$a8964$b40$c20120618$lBLL01$h1031
=CAT  \\$a10904$b40$c20150219$lBLL01$h1342
=CAT  \\$aWR16_021$c20160702$lBLL01$h1819
=FIN  \\$aY$d20120618
=FMT  \\$a  BK
=LAS  \\$aWR16_021$b00$c20160702$lBLL01$h1819

