=LDR  01913pam a2200505 a 4500
=001  015903998
=003  Uk
=005  20120201112445.0
=008  111003s2012\\\\enk\\\\\\be\\|0|1\0|eng|d
=015  \\$aGBB1B6287$2bnb
=016  7\$a015903998$2Uk
=020  \\$a9781405188104 (set : cased) :$c£299.00
=020  \\$a1405188103 (set : cased) :$c£299.00
=040  \\$aStDuBDS$beng$cStDuBDS$dUk
=042  \\$aukblsr
=082  04$a820.9007$223
=245  04$aThe encyclopedia of Romantic literature /$cgeneral editor, Frederick Burwick ; associate editors, Nancy Moore Goslee and Diane Long Hoeveler.
=260  \\$aOxford :$bWiley-Blackwell,$c2012.
=300  \\$a3 v. (l, 1632 p.) ;$c26 cm.
=336  \\$atext$2rdacontent
=337  \\$aunmediated$2rdamedia
=338  \\$avolume$2rdacarrier
=490  0\$aThe Wiley-Blackwell encyclopedia of literature
=500  \\$aFormerly CIP.$5Uk
=504  \\$aIncludes bibliographical references and index.
=505  0\$av. 1. A-G -- v. 2. H-Re -- v. 3. Re-Z.
=650  \0$aRomanticism$zGreat Britain$vEncyclopedias.
=650  \0$aEnglish literature$y18th century$vEncyclopedias.
=650  \0$aEnglish literature$y19th century$vEncyclopedias.
=650  \0$aRomanticism$vEncyclopedias.
=700  1\$aBurwick, Frederick.
=700  1\$aGoslee, Nancy Moore,$d1941-
=700  1\$aHoeveler, Diane Long.
=852  41$aBritish Library$bHMNTS$jYC.2012.b.302$ivol. 2
=852  41$aBritish Library$bHMNTS$jYC.2012.b.303$ivol. 3
=852  41$aBritish Library$bHMNTS$jYC.2012.b.301$ivol. 1
=852  41$aBritish Library$bHMNTS$cSPHOA
=CAT  \\$aBATCH-CIPN$b00$c20111004$lBLL01$h1700
=CAT  \\$a8479$b40$c20120130$lBLL01$h0834
=CAT  \\$a11250$b40$c20120201$lBLL01$h1112
=CAT  \\$a11250$b40$c20120201$lBLL01$h1124
=CAT  \\$aWR16_021$c20160702$lBLL01$h1820
=FIN  \\$aY$d20120201
=FMT  \\$a  BK
=LAS  \\$aWR16_021$b00$c20160702$lBLL01$h1820

