=LDR  01808pam a2200469 a 4500
=001  015904004
=003  Uk
=005  20120201082820.0
=008  111003s2012\\\\enk\\\\\\be\\|0|1\0|eng|d
=015  \\$aGBB1B6293$2bnb
=016  7\$a015904004$2Uk
=020  \\$a9781405194495 (set) :$c£299.00
=020  \\$a1405194499 (set) :$c£299.00
=040  \\$aStDuBDS$beng$cStDuBDS$dUk
=042  \\$aukblsr
=082  04$a820.9003$223
=245  04$aThe encyclopedia of English Renaissance literature /$cgeneral editors, Garrett A. Sullivan, Jr. and Alan Stewart ; associate editors, Rebecca Lemon, Nicholas McDowell, and Jennifer Richards.
=260  \\$aOxford :$bWiley-Blackwell,$c2012.
=300  \\$a3 v. (li, 1192 p.) ;$c26 cm.
=336  \\$atext$2rdacontent
=337  \\$aunmediated$2rdamedia
=338  \\$avolume$2rdacarrier
=490  0\$aThe Wiley-Blackwell encyclopedia of literature
=500  \\$aFormerly CIP.$5Uk
=504  \\$aIncludes bibliographical references and index.
=505  0\$av. 1. A-F -- v. 2. G-O -- v. 3. P-Z.
=650  \0$aEnglish literature$yEarly modern, 1500-1700$vEncyclopedias.
=650  \0$aRenaissance$zEngland$vEncyclopedias.
=700  1\$aSullivan, Garrett A.,$cJr.
=700  1\$aStewart, Alan,$d1967-
=852  41$aBritish Library$bHMNTS$cSPHOA
=852  41$aBritish Library$bHMNTS$jYC.2012.b.304$ivol. 1
=852  41$aBritish Library$bHMNTS$jYC.2012.b.305$ivol. 2
=852  41$aBritish Library$bHMNTS$jYC.2012.b.306$ivol. 3
=CAT  \\$aBATCH-CIPN$b00$c20111004$lBLL01$h1700
=CAT  \\$a8479$b40$c20120130$lBLL01$h0825
=CAT  \\$a11250$b40$c20120201$lBLL01$h0828
=CAT  \\$aBATCH-UPD$b40$c20130909$lBLL01$h2151
=CAT  \\$aWR16_021$c20160702$lBLL01$h1820
=FIN  \\$aY$d20120201
=FMT  \\$a  BK
=LAS  \\$aWR16_021$b00$c20160702$lBLL01$h1820

