=LDR  01709 am a22004811a 4500
=001  015953913
=003  Uk
=005  20120830212244.0
=007  ta
=008  120731s2011\\\\enkaf\\\\b\\\\001\0\eng\d
=015  \\$aGBB286339$2bnb
=016  7\$a015953913$2Uk
=020  \\$a9780712358286 (hbk.)
=040  \\$aIiNdDKA$beng$cIiNdDKA
=042  \\$aukblsr
=082  04$a011.42$223
=100  1\$aBrown, Michelle$q(Michelle P.)
=245  14$aThe book and the transformation of Britain, c.550-1050 :$ba study in written and visual literacy and orality /$cMichelle P. Brown.
=260  \\$aLondon :$bBritish Library,$c2011.
=300  \\$a184 p., 16 p. of plates :$bill. (some col.) ;$c26 cm.
=336  \\$atext$2rdacontent
=337  \\$aunmediated$2rdamedia
=338  \\$avolume$2rdacarrier
=490  0\$aThe Sandars lectures in bibliography
=504  \\$aIncludes bibliographical references and index.
=650  \0$aBooks$xHistory$y400-1450.
=650  \0$aBooks and reading$zEngland$xHistory$yTo 1500.
=650  \0$aBooks and reading$xSocial aspects$xHistory.
=650  \0$aLiteracy$xHistory.
=650  \0$aIllumination of books and manuscripts, Medieval.
=710  2\$aBritish Library.
=852  11$aBritish Library$bMAPS$kMSS.$h941
=852  41$aBritish Library$bHMNTS$jYK.2012.b.7220
=985  \\$aNETCAT record
=CAT  \\$aBATCH-CMLD$b00$c20111022$lBLL01$h1719
=CAT  \\$a11168$b40$c20111115$lBLL01$h1213
=CAT  \\$a5004$b40$c20120703$lBLL01$h1711
=CAT  \\$aBATCH-SURR$b00$c20120830$lBLL01$h2122
=CAT  \\$aWR16_021$c20160702$lBLL01$h1822
=FIN  \\$aY$d20120830
=FMT  \\$a  BK
=LAS  \\$aWR16_021$b00$c20160702$lBLL01$h1822
=SRC  \\$aNETCAT$bnetcatprn.20120830

