=LDR  02228 cm a2200577 a 4500
=001  015966412
=003  Uk
=005  20111123141307.0
=008  110524t20112010enkfgae\\\\\\\\n\\\\zxx\d
=016  \\$a015966412
=024  2\$aM570407521
=024  3\$a9790570407521
=028  32$aE641$bEmerson Edition
=040  \\$aUkOxU$beng$cUkOxU$dUk
=042  \\$aukblsr
=082  04$a785.91951872$223
=100  1\$aRose, John,$d1928-
=240  10$aPrelude & fugue on a subject by Edmund Rubbra;$oarranged
=245  10$aPrelude & fugue on a subject by Edmund Rubbra :$bfor brass quintet /$cJohn Rose.
=246  3\$aPrelude and fugue on a subject by Edmund Rubbra
=260  \\$aAmpleforth :$bEmerson Edition,$c[2011], c2010.
=300  \\$a1 score (10 p.) + 5 parts :$bport. ;$c28 cm.
=336  \\$anotated music$2rdacontent
=337  \\$aunmediated$2rdamedia
=338  \\$avolume$2rdacarrier
=500  \\$aOriginally for brass quartet; arranged for brass quintet by the composer.
=500  \\$aCover title.
=500  \\$aDuration: ca. 5:00.
=500  \\$aIncludes biographical and programme notes on back cover.
=650  \0$aBrass quintets (Horn, trombone, trumpets (2), tuba), Arranged$vScores and parts.
=650  \0$aCanons, fugues, etc. (Horn, trombone, trumpets (2), tuba), Arranged$vScores and parts.
=700  1\$aRubbra, Edmund,$d1901-1986.
=852  41$aBritish Library$bDSC$cMUSIC
=852  41$aBritish Library$bDSC$cMUSIC$jH06/.13339
=852  41$aBritish Library$bMUSIC$jf.560.kk.(11.)
=985  \\$a260 {dollar}c: printing date at end of score (5/11) and parts (10/11)
=985  \\$aRecord amended for WR# 13/070
=BUF  \\$aRM$d20111109
=CAT  \\$a10812$b40$c20111109$lBLL01$h1657
=CAT  \\$a11814$b40$c20111122$lBLL01$h1646
=CAT  \\$a11814$b40$c20111123$lBLL01$h1413
=CAT  \\$aWR13_070$b00$c20130504$lBLL01$h0335
=CAT  \\$aWR13_070C$c20130611$lBLL01$h1858
=CAT  \\$aBATCH-HARR$b00$c20130729$lBLL01$h1126
=CAT  \\$aWR16_021$c20160702$lBLL01$h1825
=CAT  \\$aBATCH-016$c20160905$lBLL01$h1721
=CAT  \\$aW1904-0451$c20190428$lBLL01$h1312
=FIN  \\$aY$d20111123
=FMT  \\$a  MU
=LAS  \\$aW1904-0451$b00$c20190428$lBLL01$h1312
=SID  \\$aZ39$bOXFORD

