=LDR  04163cam a2200841 i 4500
=001  015994985
=003  Uk
=005  20140903114243.0
=008  110124m20112012sp\a\\\\\b\\\\001\0\spa\d
=FMT  \\$a  BK
=020  \\$a9788498442748 (t. 1 : Fundación Mapfre : paperback)
=020  \\$a9788430607990 (t. 1 : Taurus : paperback)
=020  \\$a8430607994 (t. 1 : Taurus : paperback)
=020  \\$a9788498442748 (t. 2 : Fundación Mapfre : paperback)
=020  \\$a9788430608379 (t. 2 : Taurus : paperback)
=020  \\$a9788498443202 (t. 3 : Fundación Mapfre : paperback)
=020  \\$a9788430602476 (t. 3 : Taurus : paperback)
=020  \\$a9788498443219 (t. 4 : Fundación Mapfre : paperback)
=020  \\$a9788430608713 (t. 4 : Taurus : paperback)
=020  \\$a9788498443844 (t. 5 : Fundación Mapfre : paperback)
=020  \\$a9788430600380 (t. 5 : Taurus : paperback)
=020  \\$z9788430607884 (obra completa)
=035  \\$a(OCoLC)698165910
=040  \\$aC3L$beng$cC3L$dSTF$dPL#$dI5B$dGZM$dUk$erda
=042  \\$aukblsr
=043  \\$anc-----$an-mx---
=045  \\$av0w1$aw1w9
=050  14$aF1232$b.M51 2011
=245  00$aMéxico /$cdirigido por Alicia Hernández Chávez.
=264  \1$aMadrid :$bFundación Mapfre,$c[2011]-[2012]
=300  \\$avolumes :$billustrations (black and white, and colour) ;$c19 cm.
=336  \\$atext$2rdacontent
=337  \\$aunmediated$2rdamedia
=338  \\$avolume$2rdacarrier
=490  1\$aAmérica Latina en la historia contemporánea
=500  \\$aISBN: 9788430607884 (obra completa) used as series identifier for "Colección América Latina en la historia contemporánea".
=505  0\$at. 1. 1808-1830 : crisis imperial e independencia / coordinado por Manuel Miño Grijalva -- t. 2. 1830-1880 : la construcción nacional / coordinadora de este volumen, María Luna Argudin ; autores, Mario Contreras Valdez [and five others] -- t. 3. 1880-1930 : la apertura al mundo / coordinadora de este volumen, Sandra Kuntz Ficker ; autores, Nicolás Cárdenas García [and four others] -- t. 4. 1930-1960 : mirando hacia dentro / dirigido y coordinado por Alicia Hernández Chávez ; autores, Enrique Cárdenas [and four others] -- t. 5. 1960-2000 : la búsqueda de la democracia / coordinado por Marcello Carmagnani.
=504  \\$aIncludes bibliographical references and indexes.
=651  \0$aMexico$xHistory$y19th century.
=651  \0$aMexico$xHistory$y20th century.
=700  1\$aHernández Chávez, Alicia,$eeditor,$eauthor.
=700  1\$aMiño Grijalva, Manuel,$eeditor.
=700  1\$aLuna Argudín, María,$eeditor,$eauthor.
=700  1\$aContreras Valdez, José Mario,$eauthor.
=700  1\$aKuntz Ficker, Sandra,$eeditor,$eauthor.
=700  1\$aCárdenas García, Nicolás,$eauthor.
=700  1\$aCárdenas, Enrique,$eauthor.
=700  1\$aCarmagnani, Marcello,$eeditor,$eauthor.
=710  2\$aFundación Mapfre,$epublisher.
=830  \0$aColección América Latina en la historia contemporánea.
=852  41$aBritish Library$bHMNTS$jYF.2012.a.5765$i[t.1]
=852  41$aBritish Library$bHMNTS$jYF.2014.a.19229
=852  41$aBritish Library$bHMNTS$iYF.2014.a.19229
=852  41$aBritish Library$bHMNTS$iYF.2014.a.19229
=852  41$aBritish Library$bHMNTS$jYF.2013.a.24614$i[t.5]
=CAT  \\$a8149$b40$c20111220$lBLL01$h1340
=CAT  \\$a11342$b40$c20120223$lBLL01$h1217
=CAT  \\$a8157$b40$c20130211$lBLL01$h1507
=CAT  \\$a8157$b40$c20130211$lBLL01$h1512
=CAT  \\$a8157$b40$c20130211$lBLL01$h1540
=CAT  \\$aBATCH-UPD$b40$c20130527$lBLL01$h0505
=CAT  \\$a8157$b40$c20130802$lBLL01$h1313
=CAT  \\$a5521$b40$c20131129$lBLL01$h1142
=CAT  \\$a11342$b40$c20140902$lBLL01$h1832
=CAT  \\$a11342$b40$c20140903$lBLL01$h1114
=CAT  \\$a11342$b40$c20140903$lBLL01$h1141
=CAT  \\$a11342$b40$c20140903$lBLL01$h1142
=CAT  \\$aBATCH-UPD$b40$c20160211$lBLL01$h2044
=CAT  \\$aBATCH-UPD$b40$c20230409$lBLL01$h2058
=CAT  \\$aBATCH-UPD$b40$c20230608$lBLL01$h2024
=FIN  \\$aY$d20120223
=SID  \\$aZ39$bOCLC
=LAS  \\$aBATCH-UPD$b40$c20230608$lBLL01$h2024

