=LDR  03036cam a2200793 a 4500
=001  016001425
=003  Uk
=005  20230302181535.0
=008  101015s2011\\\\enka\\\\\b\\\|101\0|eng\d
=FMT  \\$a  BK
=015  \\$aGBB200316$2bnb
=016  7\$a016001425$2Uk
=020  \\$a9780712358279
=020  \\$a0712358277
=035  \\$a(OCoLC)670282512
=040  \\$aYDXCP$cYDXCP$dCDX$dUk
=042  \\$aukblsr
=050  \4$aZ106.5.G7
=082  04$a091.09420902$223
=CNF  \\$aManuscript Miscellanies (Conference)$d(2008 Jul :$cCambridge, England)
=245  00$aManuscript miscellanies, c. 1450-1700 /$cvolume editors, Richard Beadle and Colin Burrow.
=260  \\$aLondon :$bBritish Library,$c2011.
=300  \\$aviii, 256 p. :$bill. ;$c24 cm.
=336  \\$atext$2rdacontent
=337  \\$aunmediated$2rdamedia
=338  \\$avolume$2rdacarrier
=490  0\$aEnglish manuscript studies, 1100-1700 ;$vV. 16
=504  \\$aIncludes bibliographical references and index.
=591  \\$aRevised papers.
=540  \\$aCurrent Copyright Fee: GBP25.00$c0$5Uk
=650  \0$aManuscripts, Medieval$zGreat Britain$vCongresses.
=650  \0$aManuscripts$zGreat Britain$vCongresses.
=700  1\$aBeadle, Richard.
=700  1\$aBurrow, Colin.
=710  2\$aBritish Library.
=852  41$aBritish Library$bHMNTS$j2702.b.163
=852  41$aBritish Library$bDSC$j3775.093500
=852  41$aBritish Library$bHMNTS$j2702.b.163
=852  11$aBritish Library$bMAPS$kMSS.$h091
=852  41$aBritish Library$bHMNTS$jYC.2012.a.14324
=945  \\$aEnglish manuscript studies 1100-1700 ; v 16 2011
=CAT  \\$a7233$b40$c20120103$lBLL01$h1414
=CAT  \\$a10876$b40$c20120103$lBLL01$h1538
=CAT  \\$a8980$b40$c20120105$lBLL01$h1302
=CAT  \\$a8962$b40$c20120105$lBLL01$h1349
=CAT  \\$aBATCH-CLA$b00$c20120928$lBLL01$h1838
=CAT  \\$aBATCH-CLA$b00$c20120930$lBLL01$h1049
=CAT  \\$aBATCH-CLA$b00$c20130508$lBLL01$h0737
=CAT  \\$aBATCH-CLA$b00$c20131202$lBLL01$h0339
=CAT  \\$aIPL-CLA$c20140101$lBLL01$h0155
=CAT  \\$aWR16_021$c20160703$lBLL01$h1804
=CAT  \\$aBATCH-CLA$b00$c20160704$lBLL01$h0109
=CAT  \\$aBATCH-CLA$b00$c20161221$lBLL01$h2029
=CAT  \\$aIPL-CLA$c20161230$lBLL01$h2359
=CAT  \\$aBATCH-CLA$b00$c20171221$lBLL01$h1318
=CAT  \\$aIPL-CLA$c20171231$lBLL01$h1811
=CAT  \\$aBATCH-CLA$b00$c20200218$lBLL01$h0434
=CAT  \\$aBATCH-CLA$b00$c20201203$lBLL01$h1415
=CAT  \\$aIPL-CLA$c20201231$lBLL01$h2331
=CAT  \\$aBATCH-CLA$b00$c20221206$lBLL01$h1755
=CAT  \\$aIPL-CLA$c20221231$lBLL01$h2311
=CAT  \\$aBATCH-CLA$b00$c20230302$lBLL01$h1815
=CFI  0\$aCurrent Copyright Fee: GBP25.00$c0$e09-feb-2023$fGBP25.00$g0$hC$5Uk
=FIN  \\$aY$d20120105
=SID  \\$aZ39$bOCLC
=TCO  \\$aCLA$bCLA$c008
=ACF  \\$aPrevious Copyright Fee: GBP12.30$c0$e01-jan-2014$fGBP12.30$g0$hC$5Uk
=ACF  \\$aPrevious Copyright Fee: GBP20.00$c0$e01-jan-2020$fGBP20.00$g0$hC$5Uk
=LAS  \\$aBATCH-CLA$b00$c20230302$lBLL01$h1815

