=LDR  01618pam a2200457 a 4500
=001  016010248
=003  Uk
=005  20120706130819.0
=008  120109r20122008gw\a\\\\\r\\\\001|0\eng|d
=FMT  \\$a  BK
=015  \\$aGBB204511$2bnb
=016  7\$a016010248$2Uk
=020  \\$a9783836524063 (set) :$c£34.99
=020  \\$a3836524066 (set) :$c£34.99
=040  \\$aStDuBDS$beng$cStDuBDS$dUk
=041  0\$aeng$ager$afre
=042  \\$aukblsr
=082  04$a741.66$223
=100  1\$aPaulo, Joaquim.
=245  10$aJazz covers from the 1940s-1990s :$bfeaturing interviews with six legendary jazz personalities, Fred Cohen, Ashley Kahn, Bob Ciano, Michael Cuscana, Rudy van Gelder and Creed Taylor /$cJoaquim Paulo, ed.: Julius Wiedemann.
=260  \\$aKöln :$bTaschen,$cc2012.
=300  \\$a2 v. (559 p.) :$bchiefly ill. (chiefly col.) ;$c30 cm.
=336  \\$atext$2rdacontent
=337  \\$aunmediated$2rdamedia
=338  \\$avolume$2rdacarrier
=500  \\$aTitle from cover.
=500  \\$aOriginally published: 2008.
=500  \\$aIn slip-case.
=500  \\$aFormerly CIP.$5Uk
=500  \\$aIncludes index.
=650  \0$aSound recordings$xAlbum covers$vDirectories.
=650  \0$aJazz$vPictorial works.
=700  1\$aWiedemann, Julius.
=852  41$aBritish Library$bHMNTS$jLC.37.b.427
=852  41$aBritish Library$bHMNTS$ivol. 2
=CAT  \\$aBATCH-CIPN$b00$c20120117$lBLL01$h1701
=CAT  \\$a11168$b40$c20120702$lBLL01$h1048
=CAT  \\$a11070$b40$c20120706$lBLL01$h1308
=CAT  \\$aWR16_021$c20160703$lBLL01$h1805
=FIN  \\$aY$d20120706
=LAS  \\$aWR16_021$b00$c20160703$lBLL01$h1805

