=LDR  01183 cm a2200385 a 4500
=001  016018529
=003  Uk
=005  20120130144939.0
=008  110124s2010\\\\wiumpz\\\\\\\\\n\\\\zxx\d
=FMT  \\$a  MU
=020  \\$a9781423475514
=020  \\$a1423475518
=035  \\$a(OCoLC)500819305
=040  \\$aBTCTA$cBTCTA$dUk
=042  \\$aukblsr
=050  14$aM1527.2.D47$bN49 2010
=082  04$a786.21542$223
=100  1\$aDesplat, Alexandre.
=245  10$aNew moon :$bthe score /$cmusic by Alexandre Desplat.
=246  1\$iAt head of title:$aTwilight saga
=260  \\$aMilwaukee, WI :$bHal Leonard,$c[2010]
=300  \\$a48 p. of music ;$c31 cm.
=336  \\$anotated music$2rdacontent
=337  \\$aunmediated$2rdamedia
=338  \\$avolume$2rdacarrier
=500  \\$a"Big-note piano."
=650  \0$aMotion picture music$vExcerpts, Arranged.
=650  \0$aPiano music, Arranged.
=730  0\$aTwilight saga.$pNew moon (Motion picture).
=852  41$aBritish Library$bDSC$cMUSIC
=852  41$aBritish Library$bDSC$cMUSIC$jH06/.12044
=CAT  \\$a8870$b40$c20120130$lBLL01$h1449
=FIN  \\$aY$d20120130
=SID  \\$aZ39$bOCLC
=LAS  \\$a8870$b40$c20120130$lBLL01$h1449

