=LDR  01760cam a2200493 a 4500
=001  016026117
=003  Uk
=005  20230223161554.0
=008  110715s2012\\\\caua\\\\\b\\\s001\0\eng\\
=FMT  \\$a  BK
=010  \\$a2011024489  
=015  \\$aGBB212076$2bnb
=016  7\$a016026117$2Uk
=020  \\$a9780520244009 (hbk.) :$c£34.95
=020  \\$a0520244001 (hbk.) :$c£34.95
=040  \\$aStDuBDS$beng$cStDuBDS$dUk
=042  \\$aukblsr
=050  00$aTX645$b.W53 2012
=082  00$a641.509$223
=100  1\$aWillan, Anne.
=245  14$aThe cookbook library :$bfour centuries of the cooks, writers, and recipes that made the modern cookbook /$cAnne Willan ; with Mark Cherniavsky and Kyri Claflin.
=260  \\$aBerkeley :$bUniversity of California Press,$cc2012.
=300  \\$axii, 328 p. :$bill. ;$c28 cm.
=336  \\$atext$2rdacontent
=337  \\$aunmediated$2rdamedia
=338  \\$avolume$2rdacarrier
=490  0\$aCalifornia studies in food and culture ;$v35
=500  \\$aFormerly CIP.$5Uk
=504  \\$aIncludes bibliographical references (p. 296-306) and indexes.
=650  \0$aCooking$xHistory.
=655  \7$aCookbooks.$2fast$0(OCoLC)fst01752725
=700  1\$aCherniavsky, Mark,$d1937-
=700  1\$aClaflin, Kyri.
=852  41$aBritish Library$bHMNTS$cSPHOA
=852  41$aBritish Library$bHMNTS$jYC.2012.b.1168
=985  \\$aUpdated by MS generated file for WR2302-017
=BUF  \\$aN$d20120518
=CAT  \\$aBATCH-CIPN$b00$c20120207$lBLL01$h1700
=CAT  \\$a10876$b40$c20120518$lBLL01$h1404
=CAT  \\$aBATCH-BUOC$b00$c20120524$lBLL01$h2121
=CAT  \\$aWR16_021$c20160703$lBLL01$h1807
=CAT  \\$aW2302-0174$c20230223$lBLL01$h1958
=FIN  \\$aY$d20120518
=LAS  \\$aW2302-0174$b00$c20230223$lBLL01$h1958

