=LDR  02220 am a2200541 i 4500
=001  016028909
=003  Uk
=005  20130321082859.0
=008  110227s2013\\\\enka\\\\\b\\\|0|1\0|eng\d
=FMT  \\$a  BK
=015  \\$aGBB327505$2bnb
=020  \\$a9781405197731 (set) :$c£295.00
=020  \\$a1405197730 (set) :$c£295.00
=040  \\$aUK-WkNB$beng$cUK-WkNB$erda
=042  \\$aukblsr
=082  04$a323.03$222
=245  04$aThe Wiley-Blackwell encyclopedia of social and political movements /$cedited by David A. Snow, Donatella della Porta, Bert Klandermans, and Doug McAdam.
=264  \1$aChichester, West Sussex, UK :$bWiley-Blackwell,$c2013.
=300  \\$a3 volumes (xliv, 1487 pages) :$billustrations (black and white) ;$c26 cm.
=336  \\$atext$2rdacontent
=337  \\$aunmediated$2rdamedia
=338  \\$avolume$2rdacarrier
=490  0\$aWiley-Blackwell encyclopedias in social science
=504  \\$aIncludes bibliographical references and index.
=505  0\$av. 1. A-E -- v. 2. F-Pe -- v. 3. Pe-Z.
=650  \0$aSocial movements$vEncyclopedias.
=650  \0$aSocial movements$xPolitical aspects$vEncyclopedias.
=650  \0$aPolitical participation$vEncyclopedias.
=650  \0$aPolitical activists$vEncyclopedias.
=700  1\$aSnow, David A.,$eeditor of compilation.
=700  1\$aDella Porta, Donatella,$d1956-$eeditor of compilation.
=700  1\$aKlandermans, Bert,$eeditor of compilation.
=700  1\$aMcAdam, Doug,$eeditor of compilation.
=852  41$aBritish Library$bHMNTS$kOPL$h323.03
=852  41$aBritish Library$bHMNTS$kOPL$h323.03
=852  41$aBritish Library$bHMNTS$kOPL$h323.03
=852  41$aBritish Library$bHMNTS$jYC.2013.b.611$ivol. 2
=852  41$aBritish Library$bHMNTS$jYC.2013.b.610$ivol. 1
=852  41$aBritish Library$bHMNTS$jYC.2013.b.612$ivol. 3
=CAT  \\$aBATCH-CMLD$b00$c20120211$lBLL01$h1720
=CAT  \\$a6524$b40$c20130319$lBLL01$h1444
=CAT  \\$a11250$b40$c20130321$lBLL01$h0828
=CAT  \\$aWR16_021$c20160703$lBLL01$h1807
=CAT  \\$aBATCH-016$c20170430$lBLL01$h1620
=CAT  \\$aW1706-0374$c20170608$lBLL01$h1729
=FIN  \\$aY$d20130321
=SRC  \\$aNielsen Bookdata
=LAS  \\$aW1706-0374$b00$c20170608$lBLL01$h1729

