=LDR  01130 am a2200349 a 4500
=001  016037177
=003  Uk
=005  20120227131127.0
=008  120224s2011\\\\lu\a\\\\\\\\\o000\0\eng\\
=FMT  \\$a  BK
=020  \\$a9789279217722
=040  \\$aUk$beng$cUk
=042  \\$aukblsr
=082  04$a323.042094$223
=245  00$aGuide to the European Citizens' Initiative.
=246  13$aNew right for EU citizens
=260  \\$aLuxembourg :$bPublications Office of the European Union,$c2011.
=300  \\$a28 p. :$bcol. ill. ;$c23 cm.
=336  \\$atext$2rdacontent
=337  \\$aunmediated$2rdamedia
=338  \\$avolume$2rdacarrier
=500  \\$aTitle from cover.
=500  \\$a"NA-30-11-330-EN-C" -- back cover.
=650  \0$aCitizenship$zEuropean Union countries.
=650  \0$aPolitical participation$zEuropean Union countries.
=710  2\$aEuropean Commission.
=852  41$aBritish Library$bHMNTS$xEU 323.042094
=852  41$aBritish Library$bDSC$jm12/.11043
=CAT  \\$a11002$b40$c20120224$lBLL01$h0923
=CAT  \\$a8962$b40$c20120227$lBLL01$h1311
=FIN  \\$aY$d20120227
=LAS  \\$a8962$b40$c20120227$lBLL01$h1311

