=LDR  01667cam a2200469 i 4500
=001  016070843
=003  Uk
=005  20130716154753.0
=008  120305s2012\\\\enkb\\\\\b\\\|000\0|eng\d
=FMT  \\$a  BK
=015  \\$aGBB361202$2bnb
=016  7\$a016070843$2Uk
=020  \\$a9780957024601 (paperback) :$c£2.50
=020  \\$a0957024606 (paperback) :$c£2.50
=040  \\$aUK-WkNB$beng$cUK-WkNB$dUk$erda
=042  \\$aukblsr
=082  04$a929.3954$223
=100  1\$aButler, Lawrie,$eauthor.
=245  10$aSome major sources for ancestors in the Indian public services /$cby Lawrie Butler ; with contributions by Tim Thomas.
=264  \1$aWeybridge, Surrey :$bFamilies in British India Society,$c[2012?]
=300  \\$a46 pages :$b1 map (colour) ;$c21 cm.
=336  \\$atext$2rdacontent
=337  \\$aunmediated$2rdamedia
=338  \\$avolume$2rdacarrier
=490  0\$aFIBIS fact file ;$v7
=500  \\$aTitle from cover.
=504  \\$aIncludes bibliographical references.
=650  \0$aBritish$zIndia$vGenealogy.
=650  \0$aAnglo-Indians$xGenealogy.
=650  \0$aCivil service$zIndia.
=651  \0$aIndia$xOfficials and employees$vSources.
=700  1\$aThomas, Timothy N.,$econtributor.
=852  41$aBritish Library$bHMNTS$jYK.2013.a.15216
=852  41$aBritish Library$bOC$kOIR$h929.3
=CAT  \\$aBATCH-CMLD$b00$c20120421$lBLL01$h1718
=CAT  \\$a11168$b40$c20120824$lBLL01$h0849
=CAT  \\$a10775$b40$c20130716$lBLL01$h1547
=CAT  \\$aWR16_021$c20160704$lBLL01$h1807
=CAT  \\$aBATCH-UPD$b00$c20160704$lBLL01$h1852
=FIN  \\$aY$d20130716
=SRC  \\$aNielsen Bookdata
=LAS  \\$aBATCH-UPD$b00$c20160704$lBLL01$h1852

