=LDR  02752 am a2200601 a 4500
=001  016074567
=003  Uk
=005  20120430091937.0
=008  910806s2012\\\\enkaf\\\\\\\\|001\0|eng\\
=FMT  \\$a  BK
=015  \\$aGBB241561$2bnb
=016  7\$a016074567$2Uk
=035  \\$a(OCoLC)790700629
=040  \\$aAU@$beng$cAU@$dUk
=041  1\$aeng$hlat
=042  \\$aukblsr
=082  04$a500$223
=100  0\$aPliny,$cthe Elder.
=240  10$aNaturalis historia.$lEnglish
=245  10$aPliny, Natural history /$cIntroduction by Anthony T. Grafton; translated by H. Rackham, [W.H.S. Jones and D.E. Eichholz].
=260  \\$aLondon :$bFolio Society,$c2012.
=300  \\$a5 v., 109 col. plates :$bill. ;$c25 cm.
=336  \\$atext$2rdacontent
=337  \\$aunmediated$2rdamedia
=338  \\$avolume$2rdacarrier
=546  \\$aText in English with Latin script on individual volume covers.
=500  \\$a"The translation by H. Rackham, continued after his death by W.H.S. Jones and D.E. Eichholz, was first published by Harvard University Press in the Loeb Classical Library series, in ten volumes, between the years 1938 and 1962--T.p. verso.
=500  \\$aTranslated from the Latin: Naturalis historia. Vol. I, II, III (with W.H.S. Jones) & V translated by H.Rackman; v. IV translated by W.H.S. Jones; v. V translated by D.E. Eichholz.
=500  \\$aBinding: Three quarter bound in buckham with Modigliani paper sides blocked and printed with individual illuminated designs by Randy Apslund.
=500  \\$aIncludes index.
=505  0\$av. 1. Preface and Books 1-7 -- v. 2. Books 8-16 -- v. 3. Books 17-23 -- v. 4. Books 24-32 -- v. 5. Books 33-37.
=650  \0$aNatural history$vPre-Linnean works.
=700  1\$aRackham, H.$q(Harris),$d1868-1944.
=700  1\$aJones, W. H. S.$q(William Henry Samuel),$d1876-1963.
=700  1\$aEichholz, D. E.
=710  2\$aFolio Society (London, England)
=852  41$aBritish Library$bHMNTS$jYC.2012.b.987$ivol. 4
=852  41$aBritish Library$bHMNTS$jYC.2012.b.986$ivol. 3
=852  41$aBritish Library$bHMNTS$ivol. 4
=852  41$aBritish Library$bHMNTS$jYC.2012.b.984$ivol. 1
=852  41$aBritish Library$bHMNTS$jYC.2012.b.985$ivol. 2
=852  41$aBritish Library$bHMNTS$jYC.2012.b.988$ivol. 5
=CAT  \\$a11029$b40$c20120426$lBLL01$h1336
=CAT  \\$a11029$b40$c20120426$lBLL01$h1340
=CAT  \\$a11029$b40$c20120426$lBLL01$h1345
=CAT  \\$a11029$b40$c20120426$lBLL01$h1347
=CAT  \\$a11250$b40$c20120430$lBLL01$h0917
=CAT  \\$a11250$b40$c20120430$lBLL01$h0919
=CAT  \\$aBATCH-UPD$b40$c20150404$lBLL01$h1509
=CAT  \\$aWR16_021$c20160704$lBLL01$h1808
=FIN  \\$aY$d20120430
=SID  \\$aZ39$bOCLC
=LAS  \\$aWR16_021$b00$c20160704$lBLL01$h1808

