=LDR  01476 as a2200421 a 4500
=001  016075092
=003  Uk
=005  20120427151034.0
=007  ta
=008  120427c20129999enkar\\\\f\\\\0\\\a0eng\\
=FMT  \\$a  SE
=015  \\$aGBB241536$2bnb
=040  \\$aUk$beng$cUk
=042  \\$aukblsr
=082  04$a341.24220942$223
=245  00$aEU legislation implementator.
=246  3\$aEuropean Union legislation implementator
=246  14$aHalsbury's statutory instruments.$pEU legislation implementator
=260  \\$aLondon :$bLexisNexis,$c2012-
=300  \\$av. ;$c25 cm.
=310  \\$aAnnual
=336  \\$atext$2rdacontent
=337  \\$aunmediated$2rdamedia
=338  \\$avolume$2rdacarrier
=362  0\$a2012-
=580  \\$a"In association with LexisNexis EU tracker."
=610  20$aEuropean Union$zEngland$vHandbooks, manuals, etc.
=610  20$aEuropean Union$zWales$vHandbooks, manuals, etc.
=650  \0$aLaw$zEngland$vHandbooks, manuals, etc.
=650  \0$aLaw$zWales$vHandbooks, manuals, etc.
=780  00$tEC legislation implementator
=852  11$aBritish Library$bHMNTS$kOPL$h344.4203$32012-2015***Latest edition
=852  41$aBritish Library$bHMNTS$jZK.9.a.2515$3Earlier editions
=CAT  \\$a8323$b40$c20120427$lBLL01$h1447
=CAT  \\$a8323$b40$c20120427$lBLL01$h1510
=FIN  \\$aY$d20120427
=LKR  \\$aPAR$b013323711$lBLL01$nEC legislation implementator$mEU legislation implementator$r78000
=LAS  \\$a8323$b40$c20120427$lBLL01$h1510

