=LDR  02100pam a2200553 i 4500
=001  016106728
=003  Uk
=005  20130716081844.0
=008  120613s2012\\\\ctuabf\\\\\\\\001\0\eng|d
=FMT  \\$a  BK
=015  \\$aGBB259312$2bnb
=016  7\$a016106728$2Uk
=020  \\$a9780300141702 (hbk.) :$c£35.00
=020  \\$z030014170X (hbk.) :$c£35.00
=040  \\$aStDuBDS$beng$cStDuBDS$dUk$erda
=042  \\$aukblcatcopy
=082  04$a720.94146$223
=100  10$aClose, Rob,$eauthor.
=245  10$aAyrshire and Arran /$cby Rob Close and Anne Riches with contributions from Richard Fawcett, Stratford Halliday and Judith Lawson.
=264  \1$aNew Haven, CT :$bYale University Press,$c2012.
=300  \\$axx, 788 pages, 64 unnumbered pages of plates :$billustrations (colour), maps (black and white) ;$c23 cm.
=336  \\$atext$2rdacontent
=336  \\$astill image$2rdacontent
=336  \\$acartographic image$2rdacontent
=337  \\$aunmediated$2rdamedia
=338  \\$avolume$2rdacarrier
=490  0\$aThe buildings of Scotland
=490  0\$aPevsner architectural guides
=500  \\$aIncludes index.
=500  \\$aFormerly CIP.$5Uk
=650  \0$aArchitecture$zScotland$zAyrshire$vGuidebooks.
=650  \0$aArchitecture$zScotland$zArran, Island of$vGuidebooks.
=650  \0$aHistoric buildings$zScotland$zAyrshire$vGuidebooks.
=650  \0$aHistoric buildings$zScotland$zArran, Island of$vGuidebooks.
=651  \0$aAyrshire (Scotland)$vGuidebooks.
=651  \0$aArran, Island of (Scotland)$vGuidebooks.
=700  1\$aRiches, Anne,$eauthor.
=852  41$aBritish Library$bHMNTS$jYC.2013.a.8626
=852  41$aBritish Library$bHMNTS$cSPHOA
=CAT  \\$aBATCH-CIPN$b00$c20120619$lBLL01$h1700
=CAT  \\$a10876$b40$c20121219$lBLL01$h1320
=CAT  \\$a11131$b40$c20130131$lBLL01$h1419
=CAT  \\$a12666$b40$c20130716$lBLL01$h0818
=CAT  \\$aWR16_021$c20160705$lBLL01$h1805
=CAT  \\$aBATCH-UPD$b00$c20160705$lBLL01$h1833
=EXP  \\$aX$d20130814
=FIN  \\$aY$d20130716
=SRC  \\$aBDZ$bblihback
=LAS  \\$aBATCH-UPD$b00$c20160705$lBLL01$h1833

