=LDR  01895pam a2200493 a 4500
=001  016107179
=003  Uk
=005  20121207115358.0
=008  120614s2012\\\\cau\\\\\\e\\\|001\0\eng|d
=FMT  \\$a  BK
=015  \\$aGBB259763$2bnb
=016  7\$a016107179$2Uk
=020  \\$a9781412988766 (set) :$c£340.00
=020  \\$a1412988764 (set) :$c£340.00
=040  \\$aStDuBDS$beng$cStDuBDS$dUk
=042  \\$aukblsr
=082  04$a364.97303$223
=245  04$aThe social history of crime and punishment in America :$ban encyclopedia /$cWilbur R. Miller, editor.
=260  \\$aThousand Oaks, Calif. ;$aLondon :$bSAGE,$cc2012.
=300  \\$a5 v. (xlix, 2606 p.) :$bill. ;$c29 cm.
=336  \\$atext$2rdacontent
=337  \\$aunmediated$2rdamedia
=338  \\$avolume$2rdacarrier
=505  0\$av. 1. A-De -- v. 2. Di-K -- v. 3. L-Q -- v. 4. R-Z -- v. 5. Primary documents/Index.
=504  \\$aIncludes bibliographical references and index.
=500  \\$aFormerly CIP.$5Uk
=650  \0$aCrime$zUnited States$xHistory$vEncyclopedias.
=650  \0$aPunishment$zUnited States$xHistory$vEncyclopedias.
=690  7\$aSocial Welfare$2blcoll
=700  1\$aMiller, Wilbur R.,$d1944-
=852  41$aBritish Library$bHMNTS$jYC.2012.b.2737
=852  41$aBritish Library$bHMNTS$jYC.2012.b.2740$ivol. 5
=852  41$aBritish Library$bHMNTS$jYC.2012.b.2738$ivol. 3
=852  41$aBritish Library$bHMNTS$ivol. 2
=852  41$aBritish Library$bHMNTS$jYC.2012.b.2739$ivol. 4
=852  41$aBritish Library$bHMNTS$jYC.2012.b.2736$ivol. 1
=CAT  \\$aBATCH-CIPN$b00$c20120619$lBLL01$h1700
=CAT  \\$a6524$b40$c20121206$lBLL01$h0931
=CAT  \\$a6524$b40$c20121206$lBLL01$h0937
=CAT  \\$a6989$b40$c20121207$lBLL01$h1153
=CAT  \\$aBATCH-SWP$c20121214$lBLL01$h2356
=CAT  \\$aWR16_021$c20160705$lBLL01$h1805
=FIN  \\$aY$d20121207
=LAS  \\$aWR16_021$b00$c20160705$lBLL01$h1805

