=LDR  01424pam a2200421 a 4500
=001  016107808
=003  Uk
=005  20131111153619.0
=008  120613s2012\\\\enk\\\\\\b\\\\001\0\eng|d
=FMT  \\$a  BK
=015  \\$aGBB260392$2bnb
=016  7\$a016107808$2Uk
=020  \\$a9781856046053 (pbk.) :$c£49.95
=020  \\$a1856046052 (pbk.) :$c£49.95
=040  \\$aStDuBDS$beng$cStDuBDS$dUk
=042  \\$aukblcatcopy
=082  04$a025.04$223
=100  1\$aBradley, Phil,$d1959-
=245  10$aExpert Internet searching /$cPhil Bradley.
=250  \\$a4th ed.
=260  \\$aLondon :$bFacet,$c2013.
=300  \\$axii, 272 p. ;$c24 cm.
=336  \\$atext$2rdacontent
=337  \\$aunmediated$2rdamedia
=338  \\$avolume$2rdacarrier
=500  \\$aPrevious ed.: published as The advanced Internet searcher's handbook. 2004.
=504  \\$aIncludes bibliographical references and index.
=500  \\$aFormerly CIP.$5Uk
=650  \0$aInternet searching.
=700  1\$aBradley, Phil,$d1959-$tAdvanced Internet searcher's handbook.
=852  11$aBritish Library$bHMNTS$cSPHOA$kNRR$mEnquiry Desk
=852  41$aBritish Library$bHMNTS$jYK.2013.a.23357
=CAT  \\$aBATCH-CIPN$b00$c20120619$lBLL01$h1700
=CAT  \\$a11131$b40$c20130924$lBLL01$h1043
=CAT  \\$a5004$b40$c20131111$lBLL01$h1536
=CAT  \\$aWR16_021$c20160705$lBLL01$h1806
=FIN  \\$aY$d20130924
=LAS  \\$aWR16_021$b00$c20160705$lBLL01$h1806

