=LDR  01878aam a2200529 i 4500
=001  016117889
=003  Uk
=005  20130104094702.0
=008  111215s2013\\\\nju\\\\\\bf\\\001\0\eng\\
=FMT  \\$a  BK
=010  \\$a2011051092  
=015  \\$aGBB264900$2bnb
=016  7\$a016117889$2Uk
=020  \\$a9781118139875 (hbk.) :$c£60.00
=020  \\$a1118139879 (hbk.) :$c£60.00
=020  \\$z9781118311578 (ebk)
=020  \\$z9781118311592 (ebk)
=020  \\$z9781118328187 (ebk)
=020  \\$z9781118328194 (ebk)
=020  \\$z9781118328200 (ebk)
=040  \\$aStDuBDS$beng$cStDuBDS$dUk$erda
=042  \\$aukblsr
=050  00$aNK2002$b.K57 2013
=082  00$a729.068$223
=100  10$aKnackstedt, Mary V.
=245  14$aThe interior design business handbook :$ba complete guide to profitability /$cMary V. Knackstedt, FASID, FIIDA.
=250  \\$aFifth edition.
=264  \1$aHoboken :$bWiley,$c2013.
=300  \\$aviii, 549 pages ;$c29 cm.
=336  \\$atext$2rdacontent
=337  \\$aunmediated$2rdamedia
=338  \\$avolume$2rdacarrier
=500  \\$aFormerly CIP.$5Uk
=504  \\$aIncludes bibliographical references (pages 533-537) and index.
=650  \0$aInterior decoration$xPractice$vHandbooks, manuals, etc.
=650  \0$aInterior decoration firms$zUnited States$xManagement$vHandbooks, manuals, etc.
=650  \0$aInterior decoration$zUnited States$xMarketing$vHandbooks, manuals, etc.
=852  11$aBritish Library$bSTI$cBIPC
=852  41$aBritish Library$bHMNTS$jYK.2012.b.12546
=BUF  \\$aN$d20121219
=CAT  \\$aBATCH-CIPN$b00$c20120703$lBLL01$h1700
=CAT  \\$a10876$b40$c20121219$lBLL01$h0759
=CAT  \\$aBATCH-BUOC$b00$c20130104$lBLL01$h0946
=CAT  \\$aWR16_021$c20160705$lBLL01$h1807
=CAT  \\$aBATCH-UPD$b00$c20160705$lBLL01$h1846
=FIN  \\$aY$d20121219
=LAS  \\$aBATCH-UPD$b00$c20160705$lBLL01$h1846

