=LDR  02033pam a2200529 i 4500
=001  016127199
=003  Uk
=005  20131203083611.0
=008  120709m20122013caua\\\\\6\\\\000\1\eng|d
=FMT  \\$a  BK
=015  \\$aGBB270774$2bnb
=016  7\$a016127199$2Uk
=020  \\$a9781613774946 (v. 1) :$c£37.99
=020  \\$a9781613777763 (v. 2) :$c£37.99
=040  \\$aStDuBDS$beng$cStDuBDS$dUk$erda
=042  \\$aukblsr
=082  04$a741.5973$223
=100  1\$aWarkentin, Thomas,$d1935-2003,$eauthor,$eartist.
=245  10$aStar Trek :$bthe newspaper comics : complete dailies and Sundays /$cstories and art by Thomas Warkentin, Ron Harris, Sharman DiVono.
=264  \1$aSan Diego, CA :$bIDW Publishing,$c[2012]-[2013]
=264  \4$c©2013
=300  \\$a2 volumes :$bchiefly illustrations (black and white, and colour) ;$c29 cm.
=336  \\$atext$2rdacontent
=336  \\$astill image$2rdacontent
=337  \\$aunmediated$2rdamedia
=338  \\$avolume$2rdacarrier
=490  0\$aThe library of American comics
=505  0\$av. 1. 1979-1981 -- v. 2. 1981-1983.
=500  \\$aFormerly CIP.$5Uk
=650  \0$aKirk, James T. (Fictitious character)$vComic books, strips, etc.$vFiction.
=650  \0$aSpock (Fictitious character)$vComic books, strips, etc.$vFiction.
=650  \0$aStar Trek fiction.
=650  \0$aScience fiction comic books, strips, etc.
=655  \0$aComic books, strips, etc.
=700  1\$aHarris, Ron,$d1949-$eartist.
=700  1\$aDiVono, Sharman,$eauthor.
=852  41$aBritish Library$bHMNTS$jYK.2013.b.5574$ivol. 1
=852  41$aBritish Library$bHMNTS$ivol. 2
=CAT  \\$aBATCH-CIPN$b00$c20120717$lBLL01$h1701
=CAT  \\$aBATCH-CIPC$b00$c20120724$lBLL01$h1701
=CAT  \\$aBATCH-CIPC$b00$c20121120$lBLL01$h1701
=CAT  \\$a6524$b40$c20130305$lBLL01$h1440
=CAT  \\$a11317$b40$c20130514$lBLL01$h0911
=CAT  \\$a11317$b40$c20131203$lBLL01$h0836
=CAT  \\$aWR16_021$c20160705$lBLL01$h1808
=FIN  \\$aY$d20130514
=LAS  \\$aWR16_021$b00$c20160705$lBLL01$h1808

