=LDR  03008pam a2200601 i 4500
=001  016136217
=003  Uk
=005  20130125140518.0
=008  120719s2013\\\\enka\\\\\b\\\|0|0\0|eng|d
=FMT  \\$a  BK
=015  \\$aGBB275471$2bnb
=016  7\$a016136217$2Uk
=020  \\$a9781847874870 (set : v. 1-4) :$c£625.00
=020  \\$a1847874878 (set : v. 1-4) :$c£625.00
=020  \\$a9781847874863 (set : v. 5-8) :$c£625.00
=020  \\$a184787486X (set : v. 5-8) :$c£625.00
=040  \\$aStDuBDS$beng$cStDuBDS$dUk$erda
=042  \\$aukblsr
=082  04$a616.89$223
=245  00$aClinical psychology /$cedited by Michael Barkham, Susan Llewelyn, Graham Turpin and Gillian E. Hardy.
=264  \1$aLos Angeles :$bSAGE,$c2013.
=300  \\$a8 volumes :$billustrations (black and white) ;$c25 cm.
=336  \\$atext$2rdacontent
=337  \\$aunmediated$2rdamedia
=338  \\$avolume$2rdacarrier
=490  0\$aSAGE benchmarks in psychology
=505  0\$aI. Assessment and formulation: v. 1. Foundations of assessment -- v. 2. Assessment: clinical and methodological perspectives -- v. 3. Assessment of the person: domains of functioning -- v. 4. Condition-specific functioning for specific populations -- II. Treatment models and interventions: v. 5. Models of psychological interventions -- v. 6. Psychological interventions for disorders with adults -- v. 7. Psychological models and interventions for complex mental health problems, older adults and learning disabilities -- v. 8. Applications with children and with adults presenting with health and physical-related problems: psychological interventions with children and adolescents.
=504  \\$aIncludes bibliographical references.
=500  \\$aFormerly CIP.$5Uk
=650  \0$aClinical psychology.
=650  \0$aMental illness$xDiagnosis.
=650  \0$aMental illness$xTreatment.
=700  1\$aBarkham, Michael,$eeditor of compilation.
=700  1\$aLlewelyn, Susan P.,$eeditor of compilation.
=700  1\$aTurpin, Graham,$eeditor of compilation.
=700  1\$aHardy, Gillian E.,$eeditor of compilation.
=852  41$aBritish Library$bHMNTS$jYC.2013.a.1252$ivol. 7
=852  41$aBritish Library$bHMNTS$jYC.2013.a.1245$ivol. 1
=852  41$aBritish Library$bHMNTS$jYC.2013.a.1249$ivol. 4
=852  41$aBritish Library$bHMNTS$jYC.2013.a.1253$ivol. 8
=852  41$aBritish Library$bHMNTS$jYC.2013.a.1246$ivol. 2
=852  41$aBritish Library$bHMNTS$jYC.2013.a.1247$ivol. 3
=852  41$aBritish Library$bHMNTS$ivol. 1
=852  41$aBritish Library$bHMNTS$jYC.2013.a.1250$ivol. 5
=852  41$aBritish Library$bHMNTS$jYC.2013.a.1251$ivol. 6
=CAT  \\$aBATCH-CIPN$b00$c20120731$lBLL01$h1701
=CAT  \\$a8479$b40$c20130124$lBLL01$h1204
=CAT  \\$a11250$b40$c20130125$lBLL01$h1227
=CAT  \\$a11250$b40$c20130125$lBLL01$h1405
=CAT  \\$aWR16_021$c20160706$lBLL01$h1802
=CAT  \\$aBATCH-UPD$b00$c20160706$lBLL01$h1806
=FIN  \\$aY$d20130125
=LAS  \\$aBATCH-UPD$b00$c20160706$lBLL01$h1806

