=LDR  04319caa a22008897a 4500
=001  016136785
=003  Uk
=005  20211231173249.0
=008  120801s2012\\\\xxu\\\\\\\\\\\100\0\eng\\
=FMT  \\$a  BK
=040  \\$aUk$beng$cUk
=CNF  \\$aAmerican coatings conference$d(2012 May :$cIndianapolis, IN)
=245  00$aAmerican coatings conference :$btechnical excellence recognized at 2012 American coatings conference.
=260  \\$bFederation of Societies for Coatings Technology,$c2012.
=300  \\$ap. 32-33.
=336  \\$atext$2rdacontent
=337  \\$aunmediated$2rdamedia
=338  \\$avolume$2rdacarrier
=591  \\$aReport.
=540  \\$aCurrent Copyright Fee: GBP2.17$c0$5Uk
=653  1\$aCoatings
=653  2\$aACC
=773  0\$tJCT coatings tech$gVol. 9, no. 7 (July 2012)
=852  11$aBritish Library$bSTI$k(P) 667.9$m-E(1)
=852  41$aBritish Library$bDSC$j3292.614000
=945  \\$aJCT coatings tech, ISSN 1547-0083 ; vol 9 no 7 2012
=CAT  \\$a10934$b40$c20120801$lBLL01$h1207
=CAT  \\$aIPL-CLA$c20160331$lBLL01$h1809
=CAT  \\$aBATCH-CLA$b00$c20160926$lBLL01$h1725
=CAT  \\$aIPL-CLA$c20160930$lBLL01$h1636
=CAT  \\$aBATCH-CLA$b00$c20170321$lBLL01$h1753
=CAT  \\$aIPL-CLA$c20170331$lBLL01$h1914
=CAT  \\$aBATCH-CLA$b00$c20170921$lBLL01$h1835
=CAT  \\$aIPL-CLA$c20170929$lBLL01$h1759
=CAT  \\$aBATCH-CLA$b00$c20171221$lBLL01$h1323
=CAT  \\$aIPL-CLA$c20171231$lBLL01$h1814
=CAT  \\$aBATCH-CLA$b00$c20180319$lBLL01$h1807
=CAT  \\$aIPL-CLA$c20180331$lBLL01$h1700
=CAT  \\$aBATCH-CLA$b00$c20180920$lBLL01$h1628
=CAT  \\$aIPL-CLA$c20180930$lBLL01$h1515
=CAT  \\$aBATCH-CLA$b00$c20190924$lBLL01$h1921
=CAT  \\$aIPL-CLA$c20190930$lBLL01$h1651
=CAT  \\$aBATCH-CLA$b00$c20200325$lBLL01$h1255
=CAT  \\$aIPL-CLA$c20200331$lBLL01$h1628
=CAT  \\$aBATCH-CLA$b00$c20200619$lBLL01$h1543
=CAT  \\$aIPL-CLA$c20200701$lBLL01$h0113
=CAT  \\$aBATCH-CLA$b00$c20210617$lBLL01$h1405
=CAT  \\$aIPL-CLA$c20210704$lBLL01$h1124
=CAT  \\$aBATCH-CLA$b00$c20210928$lBLL01$h1509
=CAT  \\$aIPL-CLA$c20210930$lBLL01$h1656
=CAT  \\$aBATCH-CLA$b00$c20211222$lBLL01$h1618
=CAT  \\$aIPL-CLA$c20211231$lBLL01$h1732
=CFI  0\$aCurrent Copyright Fee: GBP2.17$c0$e01-jan-2022$fGBP2.17$g0$hC$5Uk
=CFI  2\$aPrevious Copyright Fee: GBP0.71$c0$e01-oct-2021$fGBP0.71$g0$hC$5Uk
=FIN  \\$aY$d20120801
=LKR  \\$aANA$b016212159$lBLL01$nCoatingsTech$r773$y2012$v9$i7$mAmerican coatings conference : technical excellence recognized at 2012 American coatings conference
=ACF  \\$aPrevious Copyright Fee: GBP1.82$c0$e01-jul-2012$fGBP1.82$g0$hC$5Uk
=ACF  \\$aPrevious Copyright Fee: GBP1.94$c0$e01-oct-2012$fGBP1.94$g0$hC$5Uk
=ACF  \\$aPrevious Copyright Fee: GBP1.88$c0$e01-jan-2013$fGBP1.88$g0$hC$5Uk
=ACF  \\$aPrevious Copyright Fee: GBP1.94$c0$e01-jul-2013$fGBP1.94$g0$hC$5Uk
=ACF  \\$aPrevious Copyright Fee: GBP1.80$c0$e01-oct-2013$fGBP1.80$g0$hC$5Uk
=ACF  \\$aPrevious Copyright Fee: GBP1.82$c0$e01-jul-2014$fGBP1.82$g0$hC$5Uk
=ACF  \\$aPrevious Copyright Fee: GBP0.61$c0$e01-jan-2015$fGBP0.61$g0$hC$5Uk
=ACF  \\$aPrevious Copyright Fee: GBP0.67$c0$e01-apr-2015$fGBP0.67$g0$hC$5Uk
=ACF  \\$aPrevious Copyright Fee: GBP0.65$c0$e01-oct-2015$fGBP0.65$g0$hC$5Uk
=ACF  \\$aPrevious Copyright Fee: GBP0.69$c0$e01-apr-2016$fGBP0.69$g0$hC$5Uk
=ACF  \\$aPrevious Copyright Fee: GBP0.74$c0$e01-oct-2016$fGBP0.74$g0$hC$5Uk
=ACF  \\$aPrevious Copyright Fee: GBP0.80$c0$e01-apr-2017$fGBP0.80$g0$hC$5Uk
=ACF  \\$aPrevious Copyright Fee: GBP0.76$c0$e01-oct-2017$fGBP0.76$g0$hC$5Uk
=ACF  \\$aPrevious Copyright Fee: GBP0.77$c0$e01-jan-2018$fGBP0.77$g0$hC$5Uk
=ACF  \\$aPrevious Copyright Fee: GBP0.71$c0$e01-apr-2018$fGBP0.71$g0$hC$5Uk
=ACF  \\$aPrevious Copyright Fee: GBP0.77$c0$e01-oct-2018$fGBP0.77$g0$hC$5Uk
=ACF  \\$aPrevious Copyright Fee: GBP0.80$c0$e01-oct-2019$fGBP0.80$g0$hC$5Uk
=ACF  \\$aPrevious Copyright Fee: GBP0.77$c0$e01-apr-2020$fGBP0.77$g0$hC$5Uk
=ACF  \\$aPrevious Copyright Fee: GBP0.80$c0$e01-jul-2020$fGBP0.80$g0$hC$5Uk
=ACF  \\$aPrevious Copyright Fee: GBP0.72$c0$e01-jul-2021$fGBP0.72$g0$hC$5Uk
=LAS  \\$aIPL-CLA$b00$c20211231$lBLL01$h1732

