=LDR  02396caa a22006017a 4500
=001  016142241
=003  Uk
=005  20230302181635.0
=008  120807s2012\\\\enk\\\\\\\\\\\100\0\eng\\
=FMT  \\$a  BK
=040  \\$aUk$beng$cUk
=CNF  \\$aScottish National Blood Transfusion Service (Annual conference)$d(2012 Jun :$cStirling)
=245  00$aScotblood 2012 :$bcurrent issues and future developments.
=260  \\$bStep Pub.,$c2012.
=300  \\$ap. 453.
=336  \\$atext$2rdacontent
=337  \\$aunmediated$2rdamedia
=338  \\$avolume$2rdacarrier
=591  \\$aReport.
=540  \\$aCurrent Copyright Fee: GBP25.00$c0$5Uk
=653  1\$aBlood transfusion
=653  1\$aTransfusion
=653  1\$aScotblood
=710  2\$aScottish Blood Transfusion Service.
=773  0\$tBiomedical scientist$gVol. 56, no. 8 (Aug. 2012)
=852  41$aBritish Library$bHMNTS$jAc.3820.fb/7
=852  41$aBritish Library$bHMNTS$xNPL
=852  41$aBritish Library$bDSC$j2087.880150
=945  \\$aBiomedical scientist, ISSN 1352-7673 ; vol 56 no 8 2012
=CAT  \\$a10934$b40$c20120807$lBLL01$h1038
=CAT  \\$aBATCH-CLA$b00$c20120928$lBLL01$h1839
=CAT  \\$aBATCH-CLA$b00$c20120930$lBLL01$h1052
=CAT  \\$aBATCH-CLA$b00$c20130508$lBLL01$h0740
=CAT  \\$aBATCH-CLA$b00$c20131202$lBLL01$h0340
=CAT  \\$aIPL-CLA$c20140101$lBLL01$h0202
=CAT  \\$aBATCH-CLA$b00$c20161221$lBLL01$h2031
=CAT  \\$aIPL-CLA$c20161231$lBLL01$h0005
=CAT  \\$aBATCH-CLA$b00$c20171221$lBLL01$h1321
=CAT  \\$aIPL-CLA$c20171231$lBLL01$h1814
=CAT  \\$aBATCH-CLA$b00$c20200218$lBLL01$h0435
=CAT  \\$aBATCH-CLA$b00$c20201203$lBLL01$h1417
=CAT  \\$aIPL-CLA$c20201231$lBLL01$h2333
=CAT  \\$aBATCH-CLA$b00$c20221206$lBLL01$h1801
=CAT  \\$aIPL-CLA$c20221231$lBLL01$h2316
=CAT  \\$aBATCH-CLA$b00$c20230302$lBLL01$h1816
=CFI  0\$aCurrent Copyright Fee: GBP25.00$c0$e09-feb-2023$fGBP25.00$g0$hC$5Uk
=FIN  \\$aY$d20120807
=LKR  \\$aANA$b012488835$lBLL01$nBiomedical scientist$mScotblood 2012$r773$y2012$v56$i8
=TCO  \\$aCLA$bCLA$c008
=ACF  \\$aPrevious Copyright Fee: GBP12.00$c0$e01-oct-2012$fGBP12.00$g0$hC$5Uk
=ACF  \\$aPrevious Copyright Fee: GBP12.30$c0$e01-jan-2014$fGBP12.30$g0$hC$5Uk
=ACF  \\$aPrevious Copyright Fee: GBP20.00$c0$e01-jan-2020$fGBP20.00$g0$hC$5Uk
=LAS  \\$aBATCH-CLA$b00$c20230302$lBLL01$h1816

