=LDR  02745pam a2200517 i 4500
=001  016148275
=003  Uk
=005  20161230125034.0
=008  141031s2015\\\\enka\\\\\b\\\\001\0\eng\c
=FMT  \\$a  BK
=015  \\$aGBB280294$2bnb
=016  7\$a016148275$2Uk
=020  \\$a9781856048545$qpaperback
=020  \\$a1856048543$qpaperback
=035  \\$a(WlAbNL)99419377402419
=040  \\$aStDuBDS$beng$cStDuBDS$dERASA$dBTCTA$dWAU$dWlAbNL$dUk$erda
=042  \\$aukscp
=050  \4$aZ665-720
=082  04$a025.04$223
=245  00$aIs digital different? :$bhow information creation, capture, preservation and discovery are being transformed /$cedited by Michael Moss and Barbara Endicott-Poposvky with Marc J. Dupuis.
=264  \1$aLondon :$bFacet Publishing,$c2015.
=300  \\$axvi, 217 pages :$billustrations ;$c24 cm
=336  \\$atext$btxt$2rdacontent
=337  \\$aunmediated$bn$2rdamedia
=338  \\$avolume$bnc$2rdacarrier
=504  \\$aIncludes bibliographical references and index.
=520  8\$aThis landmark edited collection brings together global experts on the impact of new technology on information services. Covering a range of key topics around discovery and preservation, this book explores the role of information professionals in a rapidly changing digital landscape that is challenging the very existence of the traditional library. Focusing on the issues surrounding the transition from an analoge to a digital environment, contributors examine whether analog practices and procedures are still valid and if they shape or distort those in the digital realm. The digital environment has the potential to transform scholarship and break down barriers between academia and the wider community through social networks and crowd sourcing, and this thought-provoking collection draws out both the inherent challenges and the opportunities.
=650  \0$aDigital media$xPhilosophy.
=650  \0$aDigital communications$xPhilosophy.
=700  1\$aMoss, Michael S.,$eeditor.
=700  1\$aEndicott-Popovsky, Barbara,$eeditor.
=700  1\$aDupuis, Marc J.,$eeditor.
=852  41$aBritish Library$bHMNTS$jYK.2017.a.7
=852  11$aBritish Library$bHMNTS$kNRR$hEnquiry Desk
=CAT  \\$aBATCH-CIPN$b00$c20120814$lBLL01$h1701
=CAT  \\$a11029$b40$c20130215$lBLL01$h0825
=CAT  \\$aBATCH-CIPC$b00$c20140603$lBLL01$h1702
=CAT  \\$aBATCH-CIPC$b00$c20150707$lBLL01$h1702
=CAT  \\$a11029$b40$c20151022$lBLL01$h0945
=CAT  \\$a11312$b40$c20151124$lBLL01$h1405
=CAT  \\$a5751$b40$c20160112$lBLL01$h1552
=CAT  \\$aWR16_021$c20160706$lBLL01$h1804
=CAT  \\$a12666$b40$c20161230$lBLL01$h1250
=FIN  \\$aY$d20160112
=SRC  \\$aLDL
=LAS  \\$a12666$b40$c20161230$lBLL01$h1250

