=LDR  02918cam a2200721 a 4500
=001  016163873
=003  Uk
=005  20221231231718.0
=008  120829s2012\\\\enk\\\\\\b\\\\001|0\eng|d
=FMT  \\$a  BK
=015  \\$aGBB289419$2bnb
=016  7\$a016163873$2Uk
=020  \\$a9789041141286 (hbk.) :$c£148.00
=020  \\$a9041141286 (hbk.) :$c£148.00
=040  \\$aStDuBDS$beng$cStDuBDS$dUk
=042  \\$aukblcatcopy
=082  04$a342.085$223
=100  1\$aHoboken, Joris van,$d1978-
=245  10$aSearch engine freedom :$bon the implications of the right to freedom of expression for the legal governance of web search engines /$cJoris van Hoboken.
=260  \\$aAlphen aan den Rijn :$bKluwer Law International,$cc2012.
=300  \\$axvi, 412 p. ;$c25 cm.
=336  \\$atext$2rdacontent
=337  \\$aunmediated$2rdamedia
=338  \\$avolume$2rdacarrier
=490  0\$aInformation law series ;$vv. 27
=504  \\$aIncludes bibliographical references and index.
=500  \\$aFormerly CIP.$5Uk
=540  \\$aCurrent Copyright Fee: GBP25.00$c0$5Uk
=650  \0$aWeb search engines.
=650  \0$aFreedom of expression.
=650  \0$aComputers$xLaw and legislation.
=852  41$aBritish Library$bDSC$j4493.608300
=852  11$aBritish Library$bSTI$cBIPC
=CAT  \\$aBATCH-CIPN$b00$c20120904$lBLL01$h1701
=CAT  \\$a7233$b40$c20121115$lBLL01$h1021
=CAT  \\$a7164$b40$c20121119$lBLL01$h0916
=CAT  \\$a11317$b40$c20121119$lBLL01$h0937
=CAT  \\$aBATCH-CLA$b00$c20130429$lBLL01$h0158
=CAT  \\$aBATCH-CLA$b00$c20130508$lBLL01$h0722
=CAT  \\$aBATCH-CLA$c20131220$lBLL01$h2118
=CAT  \\$aIPL-CLA$c20140101$lBLL01$h0203
=CAT  \\$aWR16_021$c20160706$lBLL01$h1806
=CAT  \\$aBATCH-CLA$b00$c20160707$lBLL01$h0111
=CAT  \\$aBATCH-CLA$b00$c20161222$lBLL01$h1835
=CAT  \\$aIPL-CLA$c20161231$lBLL01$h0005
=CAT  \\$aBATCH-CLA$b00$c20171222$lBLL01$h2212
=CAT  \\$aIPL-CLA$c20171231$lBLL01$h1815
=CAT  \\$aBATCH-CLA$b00$c20191219$lBLL01$h1758
=CAT  \\$aIPL-CLA$c20191231$lBLL01$h2032
=CAT  \\$aR2001-1524$c20200127$lBLL01$h2057
=CAT  \\$aBATCH-CLA$b00$c20200128$lBLL01$h0429
=CAT  \\$aBATCH-CLA$b00$c20201204$lBLL01$h1609
=CAT  \\$aIPL-CLA$c20201231$lBLL01$h2334
=CAT  \\$aBATCH-CLA$b00$c20221221$lBLL01$h1925
=CAT  \\$aIPL-CLA$c20221231$lBLL01$h2317
=CFI  0\$aCurrent Copyright Fee: GBP25.00$c0$e01-jan-2023$fGBP25.00$g0$hA$5Uk
=CFI  2\$aPrevious Copyright Fee: GBP22.50$c0$e01-jan-2021$fGBP22.50$g0$hA$5Uk
=FIN  \\$aY$d20121119
=TCO  \\$aNLD$bSTICHTING REPRORECHT$c008
=ACF  \\$aPrevious Copyright Fee: GBP12.30$c0$e01-jan-2014$fGBP12.30$g0$hA$5Uk
=ACF  \\$aPrevious Copyright Fee: GBP15.00$c0$e01-jan-2017$fGBP15.00$g0$hA$5Uk
=ACF  \\$aPrevious Copyright Fee: GBP20.00$c0$e01-jan-2020$fGBP20.00$g0$hA$5Uk
=LAS  \\$aIPL-CLA$b00$c20221231$lBLL01$h2317

