=LDR  02756cam a2200613 i 4500
=001  016187109
=003  Uk
=005  20150122114722.0
=008  121003m20139999gw\a\\\\\b\\\|000\0\eng|d
=FMT  \\$a  BK
=015  \\$aGBB2A2815$2bnb
=016  7\$a016187109$2Uk
=020  \\$a9783642320712 (pt. 1)
=020  \\$a9783642415418 (pt. 2 : cased)
=020  \\$z9783642415425 (pt. 2 : eBook)
=020  \\$a9783642551659 (pt. 3 : cased)
=020  \\$z9783642551666 (pt. 3 : eBook)
=040  \\$aStDuBDS$beng$cStDuBDS$dUk$erda
=042  \\$aukblsr
=082  04$a547.7$223
=245  00$aPolymers.$nSubvolume A,$pPolymer solids and polymer melts /$ceditors: K.-F. Arndt, M.D. Lechner.
=264  \1$aBerlin ;$aLondon :$bSpringer,$c[2013]-
=300  \\$avolumes :$billustrations (black and white) ;$c28 cm.
=336  \\$atext$2rdacontent
=337  \\$aunmediated$2rdamedia
=338  \\$avolume$2rdacarrier
=490  0\$aLandolt-Börnstein numerical data and functional relationships in science and technology, new series. Group VIII, Advanced materials and technologies,$x1619-4802 ;$vvolume 6
=500  \\$aTypographical error on title page of Pt. 1 & 2 states "Group VIII: Condensed matter."
=505  1\$apt. 1. Definitions and physical properties I / authors: K.-F. Arndt, S. Jipa, F. Krahl, G. Steiner, T. Zaharescu, C. Zimmerer -- pt. 2. Thermodynamic properties - pVT-date and thermal properties / authors, J. Pionteck, M. Pyda -- pt. 3. Mechanical and thermomechanical properties of polymers / authors: W. Grellmann, S. Seidler ; coauthors: C. Bierögel, I. Kotter, R. Lach, B. Langer, K. Reincke, T. Koch, V.-M. Archodoulaki.
=504  \\$aIncludes bibliographical references.
=500  \\$aFormerly CIP.$5Uk
=650  \0$aPolymers.
=650  \0$aPolymers$xRheology.
=650  \0$aPolymer melting.
=700  1\$aArndt, Karl-Friedrich,$eauthor,$eeditor.
=700  1\$aLechner, M. D.,$eeditor.
=852  41$aBritish Library$bSTI$j(B) J 07
=852  41$aBritish Library$bSTI$j(B) J 07
=852  41$aBritish Library$bSTI$j(B) J 07
=852  71$aBritish Library$bSTI$2blsrissc
=CAT  \\$aBATCH-CIPN$b00$c20121009$lBLL01$h1701
=CAT  \\$a6989$b40$c20131114$lBLL01$h1503
=CAT  \\$a6098$b40$c20140624$lBLL01$h1338
=CAT  \\$a6098$b40$c20140624$lBLL01$h1342
=CAT  \\$a6989$b40$c20140630$lBLL01$h1249
=CAT  \\$a6989$b40$c20140630$lBLL01$h1304
=CAT  \\$a11250$b40$c20150122$lBLL01$h1137
=CAT  \\$a11250$b40$c20150122$lBLL01$h1139
=CAT  \\$a6098$b40$c20150122$lBLL01$h1142
=CAT  \\$a6098$b40$c20150122$lBLL01$h1145
=CAT  \\$a6098$b40$c20150122$lBLL01$h1147
=CAT  \\$aWR16_021$c20160707$lBLL01$h1802
=FIN  \\$aY$d20131114
=LAS  \\$aWR16_021$b00$c20160707$lBLL01$h1802

