=LDR  02879pam a2200697 i 4500
=001  016195902
=003  Uk
=005  20140306092348.0
=008  121016m20122013enkab\\\\\\\\|001\0deng|d
=FMT  \\$a  BK
=015  \\$aGBB2A7593$2bnb
=016  7\$a016195902$2Uk
=020  \\$a9781781591192 (v. 1)
=020  \\$a1781591199 (v. 1)
=020  \\$a9781781591161 (v. 2)
=020  \\$a1781591164 (v. 2)
=020  \\$a9781781591185 (v. 3)
=020  \\$a1781591180 (v. 3)
=020  \\$a9781781591789 (v. 4)
=020  \\$a9781781591796 (v. 5)
=040  \\$aStDuBDS$beng$cStDuBDS$dUk$erda
=042  \\$aukblsr
=082  04$a940.5421421$223
=100  1\$aBowman, Martin W.,$ecompiler.
=245  10$aAir war D-Day /$cMartin W. Bowman.
=264  \1$aBarnsley, South Yorkshire :$bPen & Sword Aviation,$c2012-2013.
=300  \\$a5 volumes :$billustrations (black and white), maps (black and white) ;$c24 cm
=336  \\$atext$2rdacontent
=337  \\$aunmediated$2rdamedia
=338  \\$avolume$2rdacarrier
=505  0\$av. 1 The build up -- v. 2 Assaults from the sky -- v. 3. Winged Pegasus and the Rangers -- v. 4. Bloody beaches -- v. 5. Gold - Juno - Sword.
=500  \\$aIncludes index.
=500  \\$aFormerly CIP.$5Uk
=650  \0$aWorld War, 1939-1945$xCampaigns$zFrance$zNormandy$vPersonal narratives, British.
=650  \0$aWorld War, 1939-1945$xCampaigns$zFrance$zNormandy$vPersonal narratives, American.
=650  \0$aWorld War, 1939-1945$xCampaigns$zFrance$zNormandy$vPersonal narratives, French.
=650  \0$aWorld War, 1939-1945$xCampaigns$zFrance$zNormandy$vPersonal narratives, German.
=650  \0$aAirborne troops$xHistory$y20th century.
=650  \0$aWorld War, 1939-1945$xAerial operations, British.
=650  \0$aWorld War, 1939-1945$xAerial operations, American.
=700  12$aBowman, Martin W.$tBuild up.
=700  12$aBowman, Martin W.$tAssaults from the sky.
=700  12$aBowman, Martin W.$tWinged Pegasus and the Rangers.
=700  12$aBowman, Martin W.$tBloody beaches.
=700  12$aBowman, Martin W.$tGold - Juno - Sword.
=852  41$aBritish Library$bHMNTS$jYK.2014.a.2800$ivol.5
=852  41$aBritish Library$bHMNTS$jYK.2014.a.2801$ivol.3
=852  41$aBritish Library$bHMNTS$jYC.2014.a.2826
=852  41$aBritish Library$bHMNTS$ivol. 4
=852  41$aBritish Library$bHMNTS$jYC.2013.a.5229$ivol. 2
=852  41$aBritish Library$bHMNTS$jYC.2013.a.8011$ivol. 1
=CAT  \\$aBATCH-CIPN$b00$c20121023$lBLL01$h1700
=CAT  \\$a10876$b40$c20130417$lBLL01$h1420
=CAT  \\$a11009$b40$c20130418$lBLL01$h1319
=CAT  \\$a11009$b40$c20130703$lBLL01$h1051
=CAT  \\$a11009$b40$c20140130$lBLL01$h1610
=CAT  \\$a6989$b40$c20140306$lBLL01$h0923
=CAT  \\$aWR16_021$c20160707$lBLL01$h1804
=FIN  \\$aY$d20130418
=SRC  \\$aNielsen Bookdata
=LAS  \\$aWR16_021$b00$c20160707$lBLL01$h1804

