=LDR  03830ccm a2200805 i 4500
=001  016198187
=003  Uk
=005  20220328150912.0
=008  121026s2011\\\\gw\||l|||\\\\\\n\|||zxx|d
=FMT  \\$a  MU
=024  2\$a9790201811925
=024  3\$a9790201811925
=028  30$a1192$bG. Henle Verlag
=028  30$aHN 1192$bG. Henle Verlag
=035  \\$a(GyWOH)har115025623
=040  \\$aGyWOH$beng$cGyWOH$dUk$erda
=041  0\$gger$geng$gfre
=042  \\$aukblsr
=082  04$a786.2$223
=100  1\$aDebussy, Claude,$d1862-1918,$ecomposer.
=240  10$aPiano music.$kSelections
=245  10$aKlavierwerke.$nBand I =$bPiano works. Volume I /$cClaude Debussy ; herausgegeben von Ernst-Günter Heinemann ; Vorworte von François-Lesure [und] Ernst-Günter Heinemann ; Fingersatz von Hans-Martin Theopold [oder] Klaus Schilde.
=246  31$aPiano works.$nVolume I
=264  \1$aMünchen :$bG. Henle Verlag,$c[2011?]
=300  \\$a1 score (xv, 176 pages) :$billustration (black and white), portrait (black and white), facsimiles (black and white) ;$c31 cm
=336  \\$anotated music$2rdacontent
=337  \\$aunmediated$2rdamedia
=338  \\$avolume$2rdacarrier
=546  \\$bStaff notation.
=500  \\$aIncludes preface, critical commentary and translation of expression and tempo marks in German, English and French.
=500  \\$a"Urtext"--Cover.
=500  \\$aCompiled from separate editions published between 1983 and 2011.
=500  \\$aPublication date from preface.
=505  00$tDanse bohémienne L. 4 (9) --$tPrélude aus "La damoiselle élue" L. 69 (62) --$tDeux arabesques L. 74 (66) --$tMazurka L. 75 (67) --$tRêverie L. 76 (68) --$tDanse (Tarentelle styrienne) L. 77 (69) --$tBallade L. 78 (70) --$tValse romantique L. 79 (71) --$tSuite bergamasque L. 82 (75) --$tNocturne L. 89 (82) --$tImages (1894) L. 94 (87) --$tPour le piano L. 95 (95) --$tImages, première série L. 105 (110).
=500  \\$aPublisher's number: 1192 (on back cover: HN 1192).
=650  \0$aPiano music.
=650  \0$aBallades (Instrumental music)
=650  \0$aSuites (Piano)
=650  \0$aWaltzes.
=650  \0$aMazurkas.
=700  1\$aHeinemann, Ernst-Günter,$eeditor.
=700  1\$aLesure, François,$ewriter of preface.
=700  1\$aSchilde, Klaus,$eeditor.
=700  1\$aTheopold, Hans-Martin.
=700  12$aDebussy, Claude,$d1862-1918.$tDanse bohémienne.
=700  12$aDebussy, Claude,$d1862-1918.$tDamoiselle élue.$pPrélude.
=700  12$aDebussy, Claude,$d1862-1918.$tArabesques,$mpiano.
=700  12$aDebussy, Claude,$d1862-1918.$tMazurka,$mpiano.
=700  12$aDebussy, Claude,$d1862-1918.$tRêverie (Piano work)
=700  12$aDebussy, Claude,$d1862-1918.$tDances,$mpiano.
=700  12$aDebussy, Claude,$d1862-1918.$tBallade slave.
=700  12$aDebussy, Claude,$d1862-1918.$tValse romantique.
=700  12$aDebussy, Claude,$d1862-1918.$tSuite bergamasque.
=700  12$aDebussy, Claude,$d1862-1918.$tNocturnes,$mpiano,$rD♭ major.
=700  12$aDebussy, Claude,$d1862-1918.$tImages,$mpiano$n(1894)
=700  12$aDebussy, Claude,$d1862-1918.$tPour le piano.
=700  12$aDebussy, Claude,$d1862-1918.$tImages,$mpiano,$n1st ser.
=852  41$aBritish Library$bDSC$cMUSIC
=852  41$aBritish Library$bDSC$cMUSIC$jH06/.13777
=CAT  \\$aBATCH-HARR$b00$c20121029$lBLL01$h1122
=CAT  \\$a8870$b40$c20131127$lBLL01$h1619
=CAT  \\$a8870$b40$c20131127$lBLL01$h1655
=CAT  \\$aBATCH-UPD$b40$c20141219$lBLL01$h0654
=CAT  \\$aBATCH-UPD$b40$c20151113$lBLL01$h2100
=CAT  \\$aMFISHER$b40$c20220328$lBLL01$h1401
=CAT  \\$aMFISHER$b40$c20220328$lBLL01$h1404
=CAT  \\$aMFISHER$b40$c20220328$lBLL01$h1509
=FIN  \\$aY$d20131127
=SRC  \\$aHarrassowitz - Supplier
=LAS  \\$aMFISHER$b40$c20220328$lBLL01$h1509

