=LDR  01855pam a2200553 a 4500
=001  016199127
=003  Uk
=005  20150530074851.0
=008  121023r20132007enka\\\\\b\\\\001\0\eng\d
=FMT  \\$a  BK
=015  \\$aGBB2A9138$2bnb
=016  7\$a016199127$2Uk
=020  \\$a9780712358941 (paperback) :$c£14.99
=035  \\$a(UkOxU)019458697
=035  \\$a(Uk)016199127
=035  \\$a(StEdALDL)1/2902584
=040  \\$aStDuBDS$beng$cStDuBDS$dUkOxU$dUk
=042  \\$aukscp
=082  04$a745.67$223
=100  1\$aFisher, Celia.
=245  14$aThe medieval flower book /$cCelia Fisher.
=250  \\$aPaperback ed.
=260  \\$aLondon :$bBritish Library,$c2013.
=300  \\$a128 p. :$bcol. ill. ;$c25 cm.
=336  \\$atext$2rdacontent
=337  \\$aunmediated$2rdamedia
=338  \\$avolume$2rdacarrier
=500  \\$aFormerly CIP.$5Uk
=500  \\$aOriginally published: 2007.
=504  \\$aIncludes bibliographical references and index.
=650  \0$aIllumination of books and manuscripts, Medieval.
=650  \0$aFlowers in art.
=650  \0$aArt, Medieval.
=710  2\$aBritish Library.
=852  41$aBritish Library$bHMNTS$jYKL.2015.a.14351
=852  11$aBritish Library$bMAPS$kMSS.Photo. Ref (1)
=985  \\$aLDL record matched & merged
=CAT  \\$aBATCH-CIPN$b00$c20121030$lBLL01$h1700
=CAT  \\$aBATCH-LDLE$b00$c20130304$lBLL01$h2107
=CAT  \\$aBATCH-LDLL$b00$c20130304$lBLL01$h2107
=CAT  \\$aBATCH-LDL4$b00$c20130304$lBLL01$h2107
=CAT  \\$a10849$b40$c20130706$lBLL01$h0834
=CAT  \\$aBATCH-UPD$b40$c20150114$lBLL01$h1138
=CAT  \\$a11002$b40$c20150220$lBLL01$h1126
=CAT  \\$a6605$b40$c20150530$lBLL01$h0748
=CAT  \\$aWR16_021$c20160707$lBLL01$h1804
=CAT  \\$aBATCH-UPD$b00$c20200710$lBLL01$h2123
=FIN  \\$aY$d20150220
=LAS  \\$aBATCH-UPD$b00$c20200710$lBLL01$h2123

