=LDR  02321caa a22005777a 4500
=001  016207782
=003  Uk
=005  20230302181701.0
=008  121108s2012\\\\enk\\\\\\\\\\\100\0\eng\\
=FMT  \\$a  BK
=040  \\$aUk$beng$cUk
=CNF  \\$aMicrobe (Biennial conference)$d(2012 Sep :$cSheffield)
=245  00$aMicrobe 2012 :$ba biennial report on a Yorkshire tradition.
=260  \\$bInstitute of Biomedical Science,$c2012.
=300  \\$ap. 679-680.
=336  \\$atext$2rdacontent
=337  \\$aunmediated$2rdamedia
=338  \\$avolume$2rdacarrier
=591  \\$aReport.
=540  \\$aCurrent Copyright Fee: GBP25.00$c0$5Uk
=653  1\$aMicrobe
=773  0\$tBiomedical scientist$gVol. 56, no. 11 (Nov. 2012)
=852  41$aBritish Library$bHMNTS$jAc.3820.fb/7
=852  41$aBritish Library$bHMNTS$xNPL
=852  41$aBritish Library$bDSC$j2087.880150
=945  \\$aBiomedical scientist, ISSN 1352-7673 ; vol 56 no 11 2012
=CAT  \\$a10997$b40$c20121108$lBLL01$h1453
=CAT  \\$a10997$b40$c20121108$lBLL01$h1456
=CAT  \\$a10997$b40$c20121108$lBLL01$h1459
=CAT  \\$aBATCH-CLA$b00$c20130429$lBLL01$h0159
=CAT  \\$aBATCH-CLA$b00$c20130508$lBLL01$h0740
=CAT  \\$aBATCH-CLA$b00$c20131202$lBLL01$h0340
=CAT  \\$aIPL-CLA$c20140101$lBLL01$h0205
=CAT  \\$aBATCH-CLA$b00$c20161221$lBLL01$h2031
=CAT  \\$aIPL-CLA$c20161231$lBLL01$h0007
=CAT  \\$aBATCH-CLA$b00$c20171221$lBLL01$h1321
=CAT  \\$aIPL-CLA$c20171231$lBLL01$h1816
=CAT  \\$aBATCH-CLA$b00$c20200218$lBLL01$h0435
=CAT  \\$aBATCH-CLA$b00$c20201203$lBLL01$h1417
=CAT  \\$aIPL-CLA$c20201231$lBLL01$h2335
=CAT  \\$aBATCH-CLA$b00$c20221206$lBLL01$h1801
=CAT  \\$aIPL-CLA$c20221231$lBLL01$h2318
=CAT  \\$aBATCH-CLA$b00$c20230302$lBLL01$h1817
=CFI  0\$aCurrent Copyright Fee: GBP25.00$c0$e09-feb-2023$fGBP25.00$g0$hC$5Uk
=FIN  \\$aY$d20121108
=LKR  \\$aANA$b012488835$lBLL01$nBiomedical scientist$mMicrobe 2012$r773$y2012$v56$i11
=TCO  \\$aCLA$bCLA$c008
=ACF  \\$aPrevious Copyright Fee: GBP12.00$c0$e01-oct-2012$fGBP12.00$g0$hC$5Uk
=ACF  \\$aPrevious Copyright Fee: GBP12.30$c0$e01-jan-2014$fGBP12.30$g0$hC$5Uk
=ACF  \\$aPrevious Copyright Fee: GBP20.00$c0$e01-jan-2020$fGBP20.00$g0$hC$5Uk
=LAS  \\$aBATCH-CLA$b00$c20230302$lBLL01$h1817

