=LDR  02975cam a22006977a 4500
=001  016207824
=003  Uk
=005  20221231231837.0
=008  121030s2012\\\\xx\\\\\\\b\\\\000\0\fre\d
=FMT  \\$a  BK
=020  \\$a9783873207325
=020  \\$a387320732X
=035  \\$a(OCoLC)816359648
=040  \\$aDE-604$bger$cDEBBG$erakwb
=041  0\$afre$alat
=100  10$aGültlingen, Sybille von.$0(DE-588)115333509
=245  10$aBibliographie des livres imprimés à Lyon au seizième siècle.$n13 /$cSybille von Gültlingen.
=260  \\$aBaden-Baden [u.a.] :$bKoerner,$c(2012)
=300  \\$a216 S.
=336  \\$atext$2rdacontent
=337  \\$aunmediated$2rdamedia
=338  \\$avolume$2rdacarrier
=490  0\$aRépertoire bibliographique des livres imprimés en France au seizième siècle ;$v[33] = Fascicule hors série
=490  1\$aBibliotheca bibliographica Aureliana ;$v232
=490  1\$aRépertoire bibliographique des livres imprimés en France au seizième siècle ;$v[33],13
=540  \\$aCurrent Copyright Fee: GBP25.00$c0$5Uk
=773  08$g13$w(DE-604)BV005847590
=830  \0$aBibliotheca bibliographica Aureliana ;$v232.
=830  \0$aRépertoire bibliographique des livres imprimés en France au seizième siècle ;$v33,13.
=852  41$aBritish Library$bHMNTS$j2715.KA.16
=852  41$aBritish Library$bDSC$j2017.970000
=852  11$aBritish Library$bHMNTS$cSPHOA$kRAR
=985  \\$aAwaiting full record.
=CAT  \\$a8197$b40$c20121108$lBLL01$h1553
=CAT  \\$a8197$b40$c20121108$lBLL01$h1554
=CAT  \\$aBATCH-UPD$b40$c20141012$lBLL01$h0310
=CAT  \\$aBATCH-CLA$b00$c20141013$lBLL01$h0039
=CAT  \\$aBATCH-UPD$b00$c20151018$lBLL01$h0323
=CAT  \\$aBATCH-CLA$b00$c20151019$lBLL01$h0154
=CAT  \\$aWR16.065$c20160721$lBLL01$h1334
=CAT  \\$aBATCH-CLA$b00$c20160722$lBLL01$h0115
=CAT  \\$aBATCH-CLA$b00$c20161222$lBLL01$h1835
=CAT  \\$aIPL-CLA$c20161231$lBLL01$h0007
=CAT  \\$aBATCH-CLA$b00$c20171222$lBLL01$h2212
=CAT  \\$aIPL-CLA$c20171231$lBLL01$h1816
=CAT  \\$aBATCH-CLA$b00$c20191219$lBLL01$h1758
=CAT  \\$aIPL-CLA$c20191231$lBLL01$h2033
=CAT  \\$aR2001-1524$c20200127$lBLL01$h2058
=CAT  \\$aBATCH-CLA$b00$c20200128$lBLL01$h0438
=CAT  \\$aBATCH-CLA$b00$c20201204$lBLL01$h1609
=CAT  \\$aIPL-CLA$c20201231$lBLL01$h2335
=CAT  \\$a7483$b40$c20210421$lBLL01$h1626
=CAT  \\$aBATCH-CLA$b00$c20210422$lBLL01$h0106
=CAT  \\$aBATCH-CLA$b00$c20221221$lBLL01$h1925
=CAT  \\$aIPL-CLA$c20221231$lBLL01$h2318
=CFI  0\$aCurrent Copyright Fee: GBP25.00$c0$e01-jan-2023$fGBP25.00$g0$hA$5Uk
=CFI  2\$aPrevious Copyright Fee: GBP22.50$c0$e01-jan-2021$fGBP22.50$g0$hA$5Uk
=SID  \\$aZ39$bOCLC
=ACF  \\$aPrevious Copyright Fee: GBP12.30$c0$e01-jan-2014$fGBP12.30$g0$hA$5Uk
=ACF  \\$aPrevious Copyright Fee: GBP15.00$c0$e01-jan-2017$fGBP15.00$g0$hA$5Uk
=LAS  \\$aIPL-CLA$b00$c20221231$lBLL01$h2318

