=LDR  04789cas a2201033 a 4500
=001  016212159
=003  Uk
=005  20211231154536.0
=007  ta
=008  121115c20109999xxumx\p\\\\\\\0\\\a0eng\\
=FMT  \\$a  SE
=022  \\$y1547-0083
=040  \\$aUk$beng$cUk
=042  \\$aukblsr
=082  04$a667.905$223
=245  00$aCoatingsTech :$bindustry news, science and technology, and market insight.
=246  3\$aCoatings tech
=260  \\$aWashington :$bACA,$c2010-
=300  \\$av. :$bcol. ill., col. ports. ;$c28 cm.
=310  \\$aEleven issues yearly
=336  \\$atext$2rdacontent
=337  \\$aunmediated$2rdamedia
=338  \\$avolume$2rdacarrier
=362  0\$aVol. 7, no. 1 (Jan. 2010)-
=515  \\$aEach year November/December is a combined issue.
=588  \\$aDescription based on: Vol. 9, no. 10 (Oct. 2012).
=540  \\$aCurrent Copyright Fee: GBP2.17$c0$5Uk
=650  \0$aCoatings$vPeriodicals.
=650  \0$aCoatings industry$vPeriodicals.
=650  \0$aPaint$vPeriodicals.
=710  2\$aAmerican Coatings Association.
=780  00$tJCT coatings tech$x1547-0083
=852  11$aBritish Library$bSTI$k(P) 667.9$m-E(1)$3Vol. 7, no. 1 (2010)-
=852  41$aBritish Library$bDSC$j3292.614000$3Vol. 7, no. 1 (2010)-v. 11, no. 11 (2014)***UKRR Retained Title***Stock Incomplete
=945  \\$aCoatings tech
=959  \\$fHeld but not currently received
=985  \\$aCONFERENCE ANALYTIC RECORDS EXIST
=CAT  \\$a8124$b40$c20121115$lBLL01$h1000
=CAT  \\$aIPL-CLA$c20160331$lBLL01$h1810
=CAT  \\$aBATCH-CLA$b00$c20160831$lBLL01$h1651
=CAT  \\$aIPL-CLA$c20160930$lBLL01$h1637
=CAT  \\$aBATCH-CLA$b00$c20170228$lBLL01$h1632
=CAT  \\$aIPL-CLA$c20170331$lBLL01$h1915
=CAT  \\$aBATCH-CLA$b00$c20170831$lBLL01$h1633
=CAT  \\$aIPL-CLA$c20170929$lBLL01$h1801
=CAT  \\$aBATCH-CLA$b00$c20171130$lBLL01$h1716
=CAT  \\$aIPL-CLA$c20171231$lBLL01$h1816
=CAT  \\$aBATCH-CLA$b00$c20180228$lBLL01$h1647
=CAT  \\$aIPL-CLA$c20180331$lBLL01$h1702
=CAT  \\$aBATCH-CLA$b00$c20180831$lBLL01$h1629
=CAT  \\$aIPL-CLA$c20180930$lBLL01$h1515
=CAT  \\$aBATCH-CLA$b00$c20190909$lBLL01$h1720
=CAT  \\$aIPL-CLA$c20190930$lBLL01$h1651
=CAT  \\$aBATCH-CLA$b00$c20200228$lBLL01$h1639
=CAT  \\$aIPL-CLA$c20200331$lBLL01$h1629
=CAT  \\$aBATCH-CLA$b00$c20200529$lBLL01$h1538
=CAT  \\$aIPL-CLA$c20200701$lBLL01$h0114
=CAT  \\$aBATCH-CLA$b00$c20210528$lBLL01$h1529
=CAT  \\$aIPL-CLA$c20210704$lBLL01$h1017
=CAT  \\$aBATCH-CLA$b00$c20210917$lBLL01$h1607
=CAT  \\$aIPL-CLA$c20210930$lBLL01$h1528
=CAT  \\$aBATCH-CLA$b00$c20211203$lBLL01$h0820
=CAT  \\$aIPL-CLA$c20211231$lBLL01$h1545
=CFI  0\$aCurrent Copyright Fee: GBP2.17$c0$e01-jan-2022$fGBP2.17$g0$hC$5Uk
=CFI  2\$aPrevious Copyright Fee: GBP0.71$c0$e01-oct-2021$fGBP0.71$g0$hC$5Uk
=FIN  \\$aY$d20121115
=LKR  \\$aPAR$b010482381$lBLL01$r78000$mCoatingsTech : industry news, science and technology, and market insight.$nJCT coatingstech
=TOC  \\$aETOC
=ACF  \\$aPrevious copyright fee: GBP12.00$c0$e20-nov-2012$fGBP12.00$g0$hA$5Uk
=ACF  \\$aPrevious Copyright Fee: GBP1.88$c0$e01-jan-2013$fGBP1.88$g0$hC$5Uk
=ACF  \\$aPrevious Copyright Fee: GBP1.94$c0$e01-jul-2013$fGBP1.94$g0$hC$5Uk
=ACF  \\$aPrevious Copyright Fee: GBP1.80$c0$e01-oct-2013$fGBP1.80$g0$hC$5Uk
=ACF  \\$aPrevious Copyright Fee: GBP1.88$c0$e01-jan-2014$fGBP1.88$g0$hC$5Uk
=ACF  \\$aPrevious Copyright Fee: GBP1.82$c0$e01-jul-2014$fGBP1.82$g0$hC$5Uk
=ACF  \\$aPrevious Copyright Fee: GBP0.61$c0$e01-jan-2015$fGBP0.61$g0$hC$5Uk
=ACF  \\$aPrevious Copyright Fee: GBP0.67$c0$e01-apr-2015$fGBP0.67$g0$hC$5Uk
=ACF  \\$aPrevious Copyright Fee: GBP0.65$c0$e01-oct-2015$fGBP0.65$g0$hC$5Uk
=ACF  \\$aPrevious Copyright Fee: GBP0.69$c0$e01-apr-2016$fGBP0.69$g0$hC$5Uk
=ACF  \\$aPrevious Copyright Fee: GBP0.74$c0$e01-oct-2016$fGBP0.74$g0$hC$5Uk
=ACF  \\$aPrevious Copyright Fee: GBP0.80$c0$e01-apr-2017$fGBP0.80$g0$hC$5Uk
=ACF  \\$aPrevious Copyright Fee: GBP0.76$c0$e01-oct-2017$fGBP0.76$g0$hC$5Uk
=ACF  \\$aPrevious Copyright Fee: GBP0.77$c0$e01-jan-2018$fGBP0.77$g0$hC$5Uk
=ACF  \\$aPrevious Copyright Fee: GBP0.71$c0$e01-apr-2018$fGBP0.71$g0$hC$5Uk
=ACF  \\$aPrevious Copyright Fee: GBP0.77$c0$e01-oct-2018$fGBP0.77$g0$hC$5Uk
=ACF  \\$aPrevious Copyright Fee: GBP0.80$c0$e01-oct-2019$fGBP0.80$g0$hC$5Uk
=ACF  \\$aPrevious Copyright Fee: GBP0.77$c0$e01-apr-2020$fGBP0.77$g0$hC$5Uk
=ACF  \\$aPrevious Copyright Fee: GBP0.80$c0$e01-jul-2020$fGBP0.80$g0$hC$5Uk
=ACF  \\$aPrevious Copyright Fee: GBP0.72$c0$e01-jul-2021$fGBP0.72$g0$hC$5Uk
=LAS  \\$aIPL-CLA$b00$c20211231$lBLL01$h1545

