=LDR  02890 am a2200697 i 4500
=001  016216887
=003  Uk
=005  20121127120455.0
=008  121122s2012\\\\xxua\\\\\b\\\\100\0\eng\\
=FMT  \\$a  BK
=010  \\$a  2012023438
=015  \\$aGBB2B8807$2bnb
=016  7\$a016216887$2Uk
=020  \\$a9780821852989 (alk. paper)
=040  \\$aUk$beng$cUk$erda
=042  \\$aukblsr
=082  00$a512.3$223
=111  2\$aInternational Conference on Finite Fields and Applications$n(10th :$d2011 :$cGhent, Belgium)
=CNF  \\$aFinite fields and their applications (International conference)$n(10th :$d2011 Jul :$cGhent, Belgium)
=245  10$aTheory and applications of finite fields :$bthe 10th International Conference on Finite Fields and Their Applications, July 11-15, 2011, Ghent, Belgium /$cMichel Lavrauw, Gary L. Mullen, Svetla Nikova, Daniel Panario, Leo Storme, editors.
=264  \1$aProvidence, Rhode Island :$bAmerican Mathematical Society,$c[2012]
=300  \\$aviii, 204 pages :$billustrations (black and white) ;$c26 cm.
=336  \\$atext$2rdacontent
=337  \\$aunmediated$2rdamedia
=338  \\$avolume$2rdacarrier
=490  0\$aContemorary mathematics ;$v579
=504  \\$aIncludes bibliographical references.
=591  \\$aPapers.
=540  \\$aBritish Library not licensed to copy$c0$5Uk
=650  \0$aFinite fields (Algebra)$vCongresses.
=650  \0$aArithmetical algebraic geometry$vCongresses.
=650  \0$aNumber theory$vCongresses.
=650  \0$aCoding theory$vCongresses.
=700  1\$aLavrauw, Michel,$d1974-$eeditor.
=710  2\$aAmerican Mathematical Society.
=700  1\$aMullen, Gary L.,$eeditor.
=700  1\$aNikova, Svetla Iordanova,$d1969-$eeditor.
=700  1\$aPanario, Daniel,$d1959-$eeditor.
=700  1\$aStorme, Leo,$eeditor.
=852  41$aBritish Library$bDSC$j3425.191400
=852  11$aBritish Library$bSTI$k512.3
=945  \\$aContemporary mathematics ; no 579 2012
=CAT  \\$a11384$b40$c20121122$lBLL01$h1449
=CAT  \\$a11384$b40$c20121122$lBLL01$h1452
=CAT  \\$a8411$b40$c20121122$lBLL01$h1553
=CAT  \\$a9671$b40$c20121126$lBLL01$h1123
=CAT  \\$a9671$b40$c20121126$lBLL01$h1124
=CAT  \\$a9671$b40$c20121126$lBLL01$h1126
=CAT  \\$a8342$b40$c20121127$lBLL01$h1204
=CAT  \\$aBATCH-CLA$b00$c20121205$lBLL01$h1812
=CAT  \\$aIPL-CLA$c20121231$lBLL01$h1337
=CAT  \\$aIPL-CLA$c20130102$lBLL01$h1819
=CAT  \\$aBATCH-CLA$b00$c20130508$lBLL01$h0738
=CAT  \\$aBATCH-UPD$b00$c20150404$lBLL01$h1300
=CAT  \\$aBATCH-UPD$b00$c20150521$lBLL01$h2240
=CAT  \\$aWR16_021$c20160707$lBLL01$h1807
=CAT  \\$aBATCH-CLA$b00$c20160708$lBLL01$h0111
=CFI  0\$aBritish Library not licensed to copy$c0$e01-jan-2013$hC$iCFP Excluded$5Uk
=FIN  \\$aY$d20121126
=TCO  \\$aTRS$bCCC$c008
=LAS  \\$aBATCH-CLA$b00$c20160708$lBLL01$h0111

