=LDR  01286pam a2200385 a 4500
=001  016219260
=003  Uk
=005  20130503111422.0
=008  121120s2013\\\\enk\\\\\\b\\\\001|0\eng|d
=FMT  \\$a  BK
=015  \\$aGBB2B9703$2bnb
=016  7\$a016219260$2Uk
=020  \\$a9780857932785 (hbk.) :$c£65.00
=020  \\$z9780857932792 (ebook) :$cNo price
=040  \\$aStDuBDS$beng$cStDuBDS$dUk
=042  \\$aukblcatcopy
=082  04$a346.0486$223
=100  10$aMoir, Hazel V. J.
=245  10$aPatent policy and innovation :$bdo legal rules deliver effective economic outcomes? /$cH.V.J. Moir.
=260  \\$aCheltenham :$bEdward Elgar,$c2013.
=300  \\$axv, 238 p. ;$c24 cm.
=336  \\$atext$2rdacontent
=337  \\$aunmediated$2rdamedia
=338  \\$avolume$2rdacarrier
=504  \\$aIncludes bibliographical references and index.
=500  \\$aFormerly CIP.$5Uk
=650  \0$aPatent laws and legislation.
=852  41$aBritish Library$bDSC$jm13/.13977
=852  11$aBritish Library$bSTI$cBIPC
=CAT  \\$aBATCH-CIPN$b00$c20121127$lBLL01$h1700
=CAT  \\$a11131$b40$c20130503$lBLL01$h1114
=CAT  \\$aWR16_021$c20160707$lBLL01$h1808
=CAT  \\$aBATCH-UPD$b00$c20160707$lBLL01$h1856
=FIN  \\$aY$d20130503
=LAS  \\$aBATCH-UPD$b00$c20160707$lBLL01$h1856

