=LDR  01869cam a22005177a 4500
=001  016296398
=003  Uk
=005  20140220125053.0
=008  130204s2012\\\\dcua\\\\\b\\\\001\0\eng\d
=FMT  \\$a  BK
=020  \\$a9780883853559 (print edition)
=020  \\$a0883853558 (print edition)
=020  \\$z9781614442110 (electronic edition)
=035  \\$a(OCoLC)826646653$z(OCoLC)823041999
=040  \\$aVKC$cVKC$dVKC$dYDXCP$dBWX$dUk
=042  \\$aukblderived
=082  04$a512$223
=100  1\$aGouvêa, Fernando Q.$q(Fernando Quadros)
=245  12$aA guide to groups, rings, and fields /$cFernando Q. Gouvêa.
=260  \\$aWashington, DC :$bMathematical Association of America,$c[2012]
=300  \\$axvii, 309 pages :$billustrations ;$c24 cm.
=336  \\$atext$2rdacontent
=337  \\$aunmediated$2rdamedia
=338  \\$avolume$2rdacarrier
=490  1\$aDolciani mathematical expositions ;$vno. 48
=490  1\$aMAA guides ;$v#8
=504  \\$aIncludes bibliographical references and index.
=540  \\$aBritish Library not licensed to copy$c0$5Uk
=650  \0$aAlgebra.
=650  \0$aRings (Algebra)
=650  \0$aAlgebraic fields.
=830  \0$aDolciani mathematical expositions ;$vno. 48.
=830  \0$aMAA guides ;$vno. 8.
=852  41$aBritish Library$bDSC$j3616.520000
=852  11$aBritish Library$bSTI$k(B)512
=CAT  \\$a7164$b40$c20130307$lBLL01$h1543
=CAT  \\$aBATCH-CLA$b00$c20130429$lBLL01$h0159
=CAT  \\$aBATCH-CLA$b00$c20130508$lBLL01$h0701
=CAT  \\$a8964$b40$c20140220$lBLL01$h1250
=CAT  \\$aBATCH-CLA$b00$c20140221$lBLL01$h0035
=CAT  \\$aBATCH-UPD$b00$c20141011$lBLL01$h1951
=CFI  0\$aBritish Library not licensed to copy$c0$e01-jan-2014$hC$iCFP Excluded$5Uk
=FIN  \\$aY$d20130307
=SID  \\$aZ39$bOCLC
=TCO  \\$aTRS$bCCC$c008
=LAS  \\$aBATCH-UPD$b00$c20141011$lBLL01$h1951

