=LDR  01470 cm a2200469 i 4500
=001  016297091
=003  Uk
=005  20140127165541.0
=008  130315s2012\\\\enkuua\\\hi\\\\n\\\\zxx\d
=FMT  \\$a  MU
=020  \\$a0571536824
=020  \\$a9780571536825
=024  3\$a9780571536825
=035  \\$a(OCoLC)830293704
=040  \\$aOHX$beng$cOHX$dCUS$dOCLCQ$dEMU$dUk$erda
=041  0\$geng
=048  \\$aoa
=050  \4$aM1045.A34$bP6 2012
=082  04$a784.2$223
=100  1\$aAdès, Thomas,$ecomposer.
=245  10$aPolaris :$bfor orchestra : op. 29 : (2010) /$cThomas Adès.
=264  \1$aHarlow :$bFaber Music,$c2012.
=300  \\$a1 score (85 pages) ;$c38 cm
=336  \\$anotated music$2rdacontent
=337  \\$aunmediated$2rdamedia
=338  \\$avolume$2rdacarrier
=500  \\$aFor orchestra.
=546  \\$bStaff notation.
=500  \\$aIncludes programme and performance notes.
=500  \\$aDuration: 13 min.
=650  \0$aOrchestral music$vScores.
=651  \0$aPolestar$vSongs and music.
=852  41$aBritish Library$bDSC$cMUSIC$jWf85/.2051
=852  41$aBritish Library$bDSC$cMUSIC
=CAT  \\$a8870$b40$c20130308$lBLL01$h1311
=CAT  \\$aBATCH-HARR$b00$c20140113$lBLL01$h1056
=CAT  \\$aBATCH-HARR$b00$c20140113$lBLL01$h1815
=CAT  \\$a8870$b40$c20140127$lBLL01$h1655
=CAT  \\$aBATCH-UPD$b40$c20171130$lBLL01$h2341
=FIN  \\$aY$d20140127
=SID  \\$aZ39$bOCLC
=LAS  \\$aBATCH-UPD$b40$c20171130$lBLL01$h2341

