=LDR  02090 cm a2200553 i 4500
=001  016313063
=003  Uk
=005  20160715115502.0
=008  130130t20122012nz\ora\\\\\\\\\n\\\\eng\\
=FMT  \\$a  MU
=020  \\$a9781927163399
=024  2\$a9790674510004
=028  32$aAE534$bArtaria Editions
=035  \\$a(GyWOH)har145011711
=040  \\$aNz$beng$cNZWTU$dUk$erda
=042  \\$aukblsr
=082  04$a782.523$223
=100  1\$aArnold, Samuel,$d1740-1802,$ecomposer.
=245  14$aThe hymn of Adam and Eve :$boratorio /$cby Samuel Arnold from Book V of Paradise lost by John Milton ; edited by Robert Hoskins ; continuo realization by David Vine.
=264  \1$aAuckland, New Zealand :$bArtaria Editions,$c[2012]
=264  \4$c©2012
=300  \\$a1 score (x, 412 pages) :$bfacsimiles (black and white), portrait (black and white) ;$c30 cm
=336  \\$anotated music$2rdacontent
=337  \\$aunmediated$2rdamedia
=338  \\$avolume$2rdacarrier
=500  \\$aFor solo voices, chorus and orchestra.
=546  \\$aEnglish words.
=546  \\$bStaff notation.
=500  \\$aWords printed also as text preceding score.
=500  \\$aPreface and critical report in English.
=650  \0$aOratorios$vScores.
=600  10$aMilton, John,$d1608-1674$vMusical settings.
=700  1\$aMilton, John,$d1608-1674.$tParadise lost.$nBook 5.
=700  1\$aHoskins, Robert H. B.,$eeditor.
=700  1\$aVine, David,$d1943-$earranger of music.
=852  41$aBritish Library$bDSC$cMUSIC$jH06/.16029
=852  \\$aBritish Library$bMUSIC$hF.1331.y.
=CAT  \\$a10525$b40$c20130405$lBLL01$h1231
=CAT  \\$a13932$b40$c20130610$lBLL01$h1255
=CAT  \\$a13932$b40$c20130610$lBLL01$h1256
=CAT  \\$a13932$b40$c20130610$lBLL01$h1257
=CAT  \\$a13932$b40$c20130610$lBLL01$h1258
=CAT  \\$a13932$b40$c20130613$lBLL01$h1235
=CAT  \\$a13932$b40$c20130613$lBLL01$h1238
=CAT  \\$a13932$b40$c20130613$lBLL01$h1450
=CAT  \\$a8870$b40$c20160715$lBLL01$h1155
=FIN  \\$aY$d20130610
=SID  \\$aZ39$bOCLC
=LAS  \\$a8870$b40$c20160715$lBLL01$h1155

