=LDR  02872 cm a2200589 i 4500
=001  016415093
=003  Uk
=005  20140708163612.0
=008  130517t20122012au\pta|||\\\\\\n\|||ger|d
=FMT  \\$a  MU
=020  \\$a9783850614818
=024  2\$a9790502020651
=024  2\$aM502020651
=024  3\$a9783850614818
=028  22$aHI-C6250$bHelbling
=035  \\$a(GyWOH)har095030932
=040  \\$aGyWOH$beng$cGyWOH$dUk$erda
=041  1\$ager$geng$alat$eger$elat$eeng$nger$nlat$gger$mger
=042  \\$aukblsr
=082  04$a782.842$223
=100  1\$aHüttenbrenner, Anselm,$d1794-1868,$ecomposer.
=240  10$aChoral music.$kSelections
=245  10$aSprichwort-Vertonungen :$bfür Männerstimmen = Proverb settings : for male voices : TTBB a cappella /$cAnselm Hüttenbrenner.
=246  31$aProverb settings
=250  \\$aKritische Erstausgabe /$bherausgegeben von Michael Aschauer.
=264  \1$aInnsbruck :$bHelbling,$c[2012]
=264  \4$c©2012
=300  \\$a1 score (108 pages) :$billustration (black and white), facsimiles (black and white), portraits (black and white) ;$c30 cm
=336  \\$anotated music$2rdacontent
=337  \\$aunmediated$2rdamedia
=338  \\$avolume$2rdacarrier
=546  \\$aGerman and Latin words; English equivalents printed as text in caption.
=546  \\$bStaff notation.
=500  \\$aPreface and critical report in German with English translation.
=500  \\$aEdited from the autograph scores.
=500  \\$aIncludes piano part for rehearsal.
=505  0\$aAller Anfang ist schwer -- Guter Rat ist teuer -- Man muss sich strecken nach der Decken -- Ehre, dem Ehre gebührt -- Einen Kuss in Ehren kann niemand wehren -- Der Geist is willig, aber das Fleisch is schwach -- Von der Lieb' allein wir man nicht fett -- Essen und Trinken hält Leib und Seel' zusammen -- Besser ein Räuscherl als ein Fieber -- Quod licet jovi, non licet bovi -- Im Dunkeln ist gut munkeln, Im Trüben ist gut fischen -- Im Trüben ist gut fischen -- Ein Mann, ein Wort -- Der Krug geht so lange um Brunnen, bis er bricht -- Wer andern eine Grube gräbt, fällt endlich selbst hinein -- Ende gut, alles gut.
=650  \0$aProverbs, German$vMusical settings.
=650  \0$aChoruses, Secular (Men's voices), Unaccompanied.
=650  \0$aPart songs.
=650  \0$aPart songs, German.
=852  41$aBritish Library$bMUSIC$iG.1444.bb.(3.)
=852  41$aBritish Library$bDSC$cMUSIC$jH06/.14175
=CAT  \\$aBATCH-HARR$b00$c20130520$lBLL01$h1120
=CAT  \\$aBATCH-HARR$b00$c20140528$lBLL01$h1632
=CAT  \\$a8870$b40$c20140708$lBLL01$h1555
=CAT  \\$a8870$b40$c20140708$lBLL01$h1636
=CAT  \\$aBATCH-UPD$b40$c20151202$lBLL01$h0637
=CAT  \\$aBATCH-UPD$b40$c20180115$lBLL01$h2029
=FIN  \\$aY$d20140708
=SRC  \\$aHarrassowitz - Supplier
=LAS  \\$aBATCH-UPD$b40$c20180115$lBLL01$h2029

