=LDR  05912cam a2201021 i 4500
=001  016431735
=003  Uk
=005  20220725110512.0
=008  130315s2013\\\\au\a\\\\\b\\\|000\0|lat\d
=FMT  \\$a  BK
=020  \\$a9783902895158 (v. 1 : paperback)
=020  \\$a3902895152 (v. 1 : paperback)
=020  \\$a9783902895165 (v. 2 : paperback)
=020  \\$a3902895160 (v. 2 : paperback)
=020  \\$a9783902895370 (v. 3 : paperback)
=020  \\$a9783902895462 (v. 4 : paperback)
=020  \\$a9783902895264 (v. 5, pt. 1 : paperback)
=020  \\$a9783902895394 (v. 5, pt. 2 : paperback)
=020  \\$a9783902895271 (v. 6, pt. 1 : paperback)
=020  \\$a9783902895288 (v. 6, pt. 2 : paperback)
=020  \\$a9783903185104 (v. 6, pt. 3 : paperback)
=020  \\$a9783902895226 (v. 7 : paperback)
=020  \\$a9783902895424 (v. 8 : paperback)
=020  \\$a9783902895431 (v. 9, pt. 1 : paperback)
=020  \\$a9783902895455 (v. 9, pt. 2 : paperback)
=020  \\$a9783903185104 (v. 9, pt. 3 : paperback)
=020  \\$a9783902895318 (v. 10 : paperback)
=020  \\$a9783902895257 (v. 11 : paperback)
=020  \\$a9783902895332 (v. 12 : paperback)
=020  \\$a9783902895325 (v. 13 : paperback)
=035  \\$a(OCoLC)830308689
=040  \\$aOHX$beng$cOHX$dOCLCO$dNUI$dIAL$dNDD$dUk$erda
=041  0\$alat$aeng
=042  \\$aukblsr
=072  \7$aBX$2lcco
=245  04$aThe charterhouses of the Provincia Lombardiæ Remotioris as seen in the chartae of the Carthusian General Chapter /$c[compiled by] James Hogg.
=264  \1$aSalzburg, Austria :$bFB Anglistik und Amerikanistik, Universität Salzburg,$c2013.
=300  \\$avolumes :$billustrations (black and white) ;$c22 cm.
=336  \\$atext$2rdacontent
=337  \\$aunmediated$2rdamedia
=338  \\$avolume$2rdacarrier
=490  0\$aAnalecta Cartusiana,$x0253-1593 ;$v100:57
=505  1\$av. 1. Provincia Lombardiæ (Remotioris), Provincia Sancti Brunonis Ordinationis, Dispositions, etc. 1301-1450 -- v. 2. Provincia Lombardiæ (Remotioris), Provincia Sancti Brunonis Ordinationis, Dispositions, etc. 1451-1566 -- v. 3. Provincia Lombardiæ (Remotioris), Provincia Sancti Brunonis Ordinations, dispositions, etc. 1567-1934, necrology 1469-1741 -- v. 4. Certosa di Serra San Bruno : ordinations, dispositions, etc. 1487-1934, necrology 1517-1772 -- v. 5. Certosa di Trisulti: pt. 1. Ordinations, dispositions, etc., 1297-1563 -- v. 5. Certosa di Trisulti: pt. 2. Ordinations, dispositions, etc., 1564-1934, necrology 1281-1772 -- v. 6. Certosa di Padula: pt. 1. Ordinations, dispositions, etc., 1321-1650 -- v. 6. Certosa di Padula: pt. 2. Ordinations, dispositions, etc., 1651-1843, necrology 1316-1771 -- v. 6. Certosa di Padula: pt. 3. Dom Palémon -- v. 7. Certosa di Napoli : ordinations, dispositions, etc., 1338-1530 -- v. 8. Certosa di Napoli : ordinations, dispositions, etc., 1531-1837 -- v. 9. Certosa di Napoli: pt. 1. Necrology 1332-1772 -- v. 9. Certosa di Napoli: pt. 2. Kalendarium Domus Cartusiæ Sancti Martini supra Neapolim MS. Archives de la Grande Chartreuse A-5/166a -- v. 9. Certosa di Napoli: pt. 3. Architettura e opere d'arte / Geovanni Leoncini -- v. 10. Certosa di Guglionesi, Certosa di Catania, Certosa di Capri -- v. 11. Certosa di Santa Croce, Roma : ordinations, dispositions, necrology, 1370-1561 -- v. 12. Certosa di Santa Maria degli Angeli, Roma ordinations, dispositions, etc., 1561-1859, necrology 1561-1772 -- v. 13. Certosa di Chiaromonte.
=546  \\$aIntroductions in English, text in Latin.
=504  \\$aIncludes bibliographical references.
=650  \0$aCharterhouses$zItaly$zLombardy$xHistory$vSources.
=610  20$aCarthusians$zItaly$zLombardy$xHistory$vSources.
=651  \0$aLombardy (Italy)$xChurch history.
=700  1\$aHogg, James,$d1931-2018,$eeditor.
=710  2\$aUniversität Salzburg.$bFachbereich Anglistik und Amerikanistik,$epublisher.
=852  41$aBritish Library$bHMNTS$jP.101/445[100:57:6:3]
=852  41$aBritish Library$bHMNTS$jP101/445[100:57:9:3]
=852  41$aBritish Library$bHMNTS$jP.101/445$ivol. 3
=852  41$aBritish Library$bHMNTS$jP.101/445$ivol. 10
=852  41$aBritish Library$bHMNTS$jP.101/445$ivol. 5, pt. 1
=852  41$aBritish Library$bHMNTS$jP.101/445$ivol. 11
=852  41$aBritish Library$bHMNTS$jP.101/445$ivol. 7
=852  41$aBritish Library$bHMNTS$jP.101/445$ivol. 9, pt. 1
=852  41$aBritish Library$bHMNTS$jP.101/445$ivol. 6, pt. 2
=852  41$aBritish Library$bHMNTS$jP.101/445$ivol. 12
=852  41$aBritish Library$bHMNTS$jYF.2014.a.4129
=852  41$aBritish Library$bHMNTS$jP.101/445$ivol. 6, pt. 1
=852  41$aBritish Library$bHMNTS$jP.101/445$ivol. 13
=852  41$aBritish Library$bHMNTS$ivol. 5, pt. 2
=852  41$aBritish Library$bHMNTS$jP.101/445$ivol. 4
=852  41$aBritish Library$bHMNTS$jP.101/445$ivol. 8
=852  41$aBritish Library$bHMNTS$jP.101/445$ivol. 9, pt. 2
=CAT  \\$a5181$b40$c20130614$lBLL01$h1326
=CAT  \\$a11250$b40$c20131106$lBLL01$h1158
=CAT  \\$a11250$b40$c20131106$lBLL01$h1253
=CAT  \\$a11250$b40$c20131106$lBLL01$h1304
=CAT  \\$a11250$b40$c20131106$lBLL01$h1417
=CAT  \\$a11250$b40$c20131106$lBLL01$h1419
=CAT  \\$a7483$b40$c20131122$lBLL01$h1516
=CAT  \\$a7483$b40$c20131122$lBLL01$h1539
=CAT  \\$a11009$b40$c20140411$lBLL01$h1049
=CAT  \\$a11009$b40$c20140411$lBLL01$h1326
=CAT  \\$a6098$b40$c20140529$lBLL01$h1231
=CAT  \\$aBATCH-UPD$b40$c20160407$lBLL01$h2048
=CAT  \\$a11070$b40$c20190320$lBLL01$h1150
=CAT  \\$a11070$b40$c20190320$lBLL01$h1153
=CAT  \\$aBATCH-UPD$b40$c20190320$lBLL01$h2122
=CAT  \\$a6989$b40$c20220309$lBLL01$h1251
=CAT  \\$a6989$b40$c20220725$lBLL01$h1033
=CAT  \\$a6989$b40$c20220725$lBLL01$h1105
=FIN  \\$aY$d20131106
=SID  \\$aZ39$bOCLC
=LAS  \\$a6989$b40$c20220725$lBLL01$h1105

