=LDR  02552cam a2200529 i 4500
=001  016434150
=003  Uk
=005  20211110091951.0
=008  130524m20132021au\a\\\\\b\\\|0|0\0|ger\\
=FMT  \\$a  BK
=020  \\$a9783700173878$qv. 1$qpaperback
=020  \\$a3700173873$qv. 1$qpaperback
=020  \\$a9783700178378$qv. 2$qpaperback
=040  \\$aUk$beng$cUk$erda
=042  \\$aukblsr
=100  1\$aSchwarz, Mario,$d1945-$eauthor.
=245  14$aDie Capella Speciosa in Klosterneuburg.
=264  \1$aWien :$bVerlag der Österreichischen Akademie der Wissenschaften,$c2013-2021.
=300  \\$a2 volumes :$billustrations (black and white, and colour) ;$c30 cm +$e1 DVD.
=336  \\$atext$2rdacontent
=336  \\$atwo-dimensional moving image$2rdacontent
=337  \\$aunmediated$2rdamedia
=337  \\$avideo$2rdamedia
=338  \\$avolume$2rdacarrier
=338  \\$avideodisc$2rdacarrier
=490  1\$aDenkschriften der Philisophisch-Historische Klasse / Österreichische Akademie der Wissenschaften ;$v453, 519
=490  1\$aVeröffentlichungen zur Kunstgeschichte ;$vBand 17-Band 18
=500  \\$aDVD in pocket attached to inside back cover of Teil 1.
=504  \\$aIncludes bibliographical references.
=505  0\$a1. Teil. Studien zu einer computergestützten Rekonstruktion der Pfalzkapelle Herzog Leopolds VI. von Österreich / Mario Schwarz in Arbeitsgemeinschaft mit Elmar Schmidinger [and six others] -- 2. Teil. Vergleichende Studien zur Pfalzkapelle Herzog Leopolds VI. von Österreich / Mario Schwarz, Tibor Rostás.
=610  20$aKlosterneuburger Pfalzkapelle (Klosterneuburg, Austria)
=650  \0$aChurch architecture$zAustria$zKlosterneuburg.
=650  \0$aArchitecture, Gothic$zAustria$zKlosterneuburg.
=650  \0$aChurch architecture$xConservation and restoration$zAustria$zKlosterneuburg.
=650  \0$aArchitecture$xComputer-aided design.
=700  1\$aSchmidinger, Elmar.
=700  1\$aRostás, Tibor,$eauthor.
=830  \0$aDenkschriften (Österreichische Akademie der Wissenschaften. Philosophisch-Historische Klasse) ;$v453. Bd., 519. Bd.
=830  \0$aVeröffentlichungen zur Kunstgeschichte ;$v17-18.
=852  41$aBritish Library$bHMNTS$jEMF.2020.b.7$i[Teil 1]
=852  41$aBritish Library$bHMNTS$jYF.2021.b.1105
=852  41$aBritish Library$bHMNTS$i[Teil 2]
=CAT  \\$a8197$b40$c20130619$lBLL01$h1048
=CAT  \\$a11069$b40$c20200210$lBLL01$h1428
=CAT  \\$a11069$b40$c20211110$lBLL01$h0919
=FIN  \\$aY$d20200210
=LAS  \\$a11069$b40$c20211110$lBLL01$h0919

