=LDR  01369 cm a2200397 i 4500
=001  016629686
=003  Uk
=005  20140212142008.0
=008  140212t19191919enksga\|\\\\\\\n\\|\eng\\
=FMT  \\$a  MU
=028  32$a61100$bJ. Curwen & Sons Ltd.
=040  \\$aUk$beng$cUk$erda
=042  \\$aukblsr
=082  04$a782.542$223
=100  1\$aBantock, Granville,$cSir,$d1868-1946,$ecomposer.
=245  14$aThe coastwise lights of England :$bchorus for voices in unison (accompanied) /$cwords by Rudyard Kipling ; music by Granville Bantock.
=264  \1$aLondon :$bJ Curwen & Sons Ltd.,$c[1919]
=264  \4$c©1919
=300  \\$a1 score (5 pages) ;$c27 cm.
=336  \\$anotated music$2rdacontent
=337  \\$aunmediated$2rdamedia
=338  \\$avolume$2rdacarrier
=490  0\$a[Choral handbook] ;$vno. 61100
=500  \\$aFor unison voices and piano.
=500  \\$a"Curwen edition".
=546  \\$aEnglish words.
=546  \\$bStaff notation.
=600  10$aKipling, Rudyard,$d1865-1936$vMusical settings.
=650  \0$aChoruses, Secular (Unison with piano)
=700  1\$aKipling, Rudyard,$d1865-1936.
=852  41$aBritish Library$bMUSIC$jE.862./1100
=852  41$aBritish Library$bDSC$cMUSIC
=CAT  \\$a8870$b40$c20140212$lBLL01$h1418
=CAT  \\$a8870$b40$c20140212$lBLL01$h1420
=FIN  \\$aY$d20140212
=LAS  \\$a8870$b40$c20140212$lBLL01$h1420

