=LDR  02350 am a2200625 a 4500
=001  016637170
=003  Uk
=005  20161109110305.0
=008  050930s2005\\\\ja\\\\\g\\\\\\000\0\jpn\d
=FMT  \\$a  BK
=020  \\$a465303866X$q1
=020  \\$a4653038678$q2
=020  \\$a4653038686$q3
=020  \\$a4653038694$q4
=020  \\$a4653038600$qset
=020  \\$a9784653038603$qset
=040  \\$aJTNDL$bjpn$cNHN$dOCLCQ$dUk
=042  \\$aukblivered
=084  \\$a210.088$2njb
=245  00$6880-01$aŌraimono /$n1-4$cNagatomo Chiyoji.
=260  \\$6880-02$aKyōto :$bRinsen Shoten,$c2005.
=300  \\$a4 v. ;$c22 cm
=336  \\$atext$2rdacontent
=337  \\$aunmediated$2rdamedia
=338  \\$avolume$2rdacarrier
=490  \\$6880-03$aChōhōki shiryō shūsei ;$v6-9
=650  \0$aEncyclopedias and dictionaries, Japanese.
=650  \0$aHandbooks, vade-mecums, etc.
=650  \0$aTextbooks$zJapan$xHistory
=700  1\$6880-04$aNagatomo, Chiyoji,$d1936-
=830  \0$6880-05$aChōhōki shiryō shūsei ;$v6-9.
=880  00$6245-01$a往来物 /$n1-4$c長友千代治編.
=880  \\$6260-02$a京都 :$b臨川書店,$c2005.
=880  \\$6490-03$a重宝記資料集成 ;$v6-9
=880  \\$6500-00$a内容: 書札調法記 (明和4年板). 懐玉筆海重宝記 (元文元年板). 万家日用「調法記」 (安永7年板(埼玉県立浦和図書館蔵)).
=880  \7$6650-00$a日本 -- 風俗・習慣 -- 歴史 -- 史料.$2ndlsh
=880  \7$6650-00$a往来物.$2ndlsh
=880  1\$6700-04$a長友千代治,$d1936-
=888  \0$6830-05$a重宝記資料集成 ;$v6-9.
=852  41$aBritish Library$bOC$jJPN.2015.a.200
=852  41$aBritish Library$bOC$jJPN.2015.a.201
=852  41$aBritish Library$bOC$iJPN.2015.a.202
=852  41$aBritish Library$bOC$jJPN.2015.a.203
=CAT  \\$a13812$b40$c20140227$lBLL01$h1151
=CAT  \\$a11693$b40$c20161109$lBLL01$h1023
=CAT  \\$a11693$b40$c20161109$lBLL01$h1024
=CAT  \\$a11693$b40$c20161109$lBLL01$h1029
=CAT  \\$a11693$b40$c20161109$lBLL01$h1033
=CAT  \\$a11693$b40$c20161109$lBLL01$h1034
=CAT  \\$a11693$b40$c20161109$lBLL01$h1038
=CAT  \\$a11693$b40$c20161109$lBLL01$h1102
=CAT  \\$a11693$b40$c20161109$lBLL01$h1103
=FIN  \\$aY$d20161109
=SID  \\$aZ39$bOCLC
=LAS  \\$a11693$b40$c20161109$lBLL01$h1103

