=LDR  00983 am a22002893a 4500
=001  013825092
=003  Uk
=005  20200417183430.0
=008  070822s\\\\\\\\\\\\\\\\\\\\\\\0\\\\per\\
=020  \\$a964446186x
=040  \\$aUk$beng$cUk
=100  \\$aHaft Lang, Kianush Kiani
=245  \0$aGanjinah-yi 'aksha-yi tarikhi.
=260  \\$aTihran :$bSazman-i asnad va kitabkhanah-i milli-i jamhuri-i Islami-i Iran,$c1386.
=336  \\$atext$2rdacontent
=337  \\$aunmediated$2rdamedia
=338  \\$avolume$2rdacarrier
=852  41$aBritish Library$bOC$xStaff Reference
=852  41$aBritish Library$bOC$jLP.31.b.444
=985  \\$aUpgraded by BSS-generated file for WR1910-0531
=CAT  \\$a11612$b40$c20070822$lBLL01$h1054
=CAT  \\$a11612$b40$c20070822$lBLL01$h1056
=CAT  \\$aOC-CORR$c20101126$lBLL01$h1022
=CAT  \\$aBATCH-UPD$b00$c20101126$lBLL01$h1037
=CAT  \\$aW1910-0531$b00$c20200417$lBLL01$h1834
=FMT  \\$a  BK
=LAS  \\$aW1910-0531$b00$c20200417$lBLL01$h1834

