=LDR  02079pam a2200493 a 4500
=001  013834250
=003  Uk
=005  20080618132801.0
=008  070808m20079999xxua\\\\\\\\\\000\c\eng\d
=015  \\$aGBA771337$2bnb
=016  7\$a013834250$2Uk
=020  \\$a9781593078386 (v. 1 : pbk.) :$c£11.99
=020  \\$a1593078382 (v. 1 : pbk.) :$c£11.99
=020  \\$a9781593078942 (v. 2 : pbk.) :$c£11.99
=020  \\$a1593078943 (v. 2 : pbk.) :$c£11.99
=020  \\$a9781593079604 (v. 3 : pbk.) :$c£12.99
=020  \\$a1593079605 (v. 3 : pbk.) :$c£12.99
=040  \\$aStDuBDS$beng$cStDuBDS$dUk
=042  \\$aukblsr
=082  04$a741.5973$222
=100  1\$aThomas, Roy,$d1940-
=245  14$aThe savage sword of Conan /$c[written by Roy Thomas ; art by Barry Windsor-Smith ... et al.].
=260  \\$aMilwaukie, Or. :$bDark Horse Books ;$a[London :$bDiamond, distributor],$c2007-
=300  \\$av. :$bchiefly ill. ;$c26 cm.
=336  \\$atext$2rdacontent
=337  \\$aunmediated$2rdamedia
=338  \\$avolume$2rdacarrier
=500  \\$a"Collects selections from Savage tales of Conan the Barbarian issues#1 through #5 and The savage sword of Conan issues #1 through #10. Originally published by Marvel Comics"--Vol. 1, prelim.
=500  \\$a"Collects selections from The savage sword of Conan issues #11 through #24. Originally published by Marvel Comics"--Vol. 2, prelim.
=500  \\$aFormerly CIP.$5Uk
=650  \0$aConan (Fictitious character)$vComic books, strips, etc.$vFiction.
=650  \0$aFantasy comic books, strips, etc.
=700  1\$aWindsor-Smith, Barry.
=852  41$aBritish Library$bHMNTS$jYK.2008.b.3455$ivol. 2
=852  41$aBritish Library$bHMNTS$ivol. 1
=CAT  \\$aBATCH-CIP$b00$c20070904$lBLL01$h1701
=CAT  \\$aBATCH$b00$c20070904$lBLL01$h1703
=CAT  \\$aBATCH$b00$c20070904$lBLL01$h1708
=CAT  \\$a11317$b40$c20080603$lBLL01$h1548
=CAT  \\$a11317$b40$c20080618$lBLL01$h1328
=CAT  \\$aWR16_021$c20160618$lBLL01$h1807
=FIN  \\$aY$d20080603
=FMT  \\$a  BK
=LAS  \\$aWR16_021$b00$c20160618$lBLL01$h1807

