=LDR  01352 am a2200409 i 4500
=001  013840916
=003  Uk
=005  20090908111137.0
=008  770321s1976\\\\enkabf\\\\\\\\00010aeng\\
=010  \\$a77355598
=015  \\$aGB76-33638
=020  \\$a0718303849 :$c£3.95
=043  \\$ae-uk---
=050  0\$aD640$b.G7773
=082  \\$a940.4/81/4$aB
=100  10$aGroom, W. H. A.
=245  10$aPoor bloody infantry :$ba memoir of the First World War /$c[by] W. H. A. Groom.
=260  0\$aLondon :$bKimber,$c1976.
=300  \\$a185 p., [8] p. of plates :$bill., maps ;$c24 cm.
=336  \\$atext$2rdacontent
=337  \\$aunmediated$2rdamedia
=338  \\$avolume$2rdacarrier
=600  10$aGroom, W. H. A.
=610  10$aGreat Britain.$bArmy$xInfantry.
=650  \0$aWorld War, 1914-1918$xPersonal narratives, British.
=650  \0$aSoldiers$zGreat Britain$xBiography.
=852  4\$aBritish Library$bDSC$j76/44634$qCopy at 76/44634. Mislaid.
=852  4\$aBritish Library$bDSC$xmissing 3/2/89
=CAT  \\$aUCB-NEWM$b00$c20070907$lBLL01$h1559
=CAT  \\$aBATCH$b00$c20070907$lBLL01$h2349
=CAT  \\$aBATCH$b00$c20071103$lBLL01$h1704
=CAT  \\$a9081$b40$c20090903$lBLL01$h1411
=CAT  \\$a9081$b40$c20090908$lBLL01$h1111
=FIN  \\$aY$d20071101
=FMT  \\$a  BK
=LAS  \\$a9081$b40$c20090908$lBLL01$h1111
=SRC  \\$aUCB 2007

