=LDR  01783cam a2200505 i 4500
=001  013843222
=003  Uk
=005  20230930111448.0
=008  770228s1976\\\\nyua\\\\\\\\\\00010\eng\\
=FMT  \\$a  BK
=010  \\$a76023940
=020  \\$a0876053576
=040  \\$aDLC$cDLC$dDLC
=050  00$aSF429.W5$bP43
=082  00$a636.753
=100  1\$aPegram, Louis.
=245  14$aThe complete whippet /$cby Louis Pegram.
=250  \\$a1st ed.
=260  \\$aNew York :$bHowell Book House,$c1976.
=300  \\$a239 p. :$bill. ;$c24 cm.
=336  \\$atext$2rdacontent
=337  \\$aunmediated$2rdamedia
=338  \\$avolume$2rdacarrier
=540  \\$aCurrent Copyright Fee: GBP32.61$c0$5Uk
=650  \0$aWhippet.
=852  4\$aBritish Library$bDSC$j78/23855$xLost 21/11/86
=852  4\$aBritish Library$bDSC$xMissing
=CAT  \\$aUCB-NEWM$b00$c20070907$lBLL01$h1601
=CAT  \\$aBATCH$b00$c20070907$lBLL01$h2351
=CAT  \\$aBATCH$b00$c20071103$lBLL01$h1706
=CAT  \\$aBATCH-CLAB$c20221217$lBLL01$h1745
=CAT  \\$aIPL-CLA$c20221231$lBLL01$h2141
=CAT  \\$aBATCH-CLAB$c20230324$lBLL01$h1352
=CAT  \\$aIPL-CLA$c20230331$lBLL01$h1651
=CAT  \\$aBATCH-CLAB$c20230601$lBLL01$h1238
=CAT  \\$aIPL-CLA$c20230630$lBLL01$h1727
=CAT  \\$aBATCH-CLAB$c20230907$lBLL01$h1720
=CAT  \\$aIPL-CLA$c20230930$lBLL01$h1114
=CFI  0\$aCurrent Copyright Fee: GBP32.61$c0$e01-oct-2023$fGBP32.61$g0$hC$5Uk
=CFI  2\$aPrevious Copyright Fee: GBP33.73$c0$e01-jul-2023$fGBP33.73$g0$hC$5Uk
=FIN  \\$aY$d20071101
=SRC  \\$aUCB 2007
=ACF  \\$aPrevious Copyright Fee: GBP37.15$c0$e01-jan-2023$fGBP37.15$g0$hC$5Uk
=ACF  \\$aPrevious Copyright Fee: GBP34.33$c0$e01-apr-2023$fGBP34.33$g0$hC$5Uk
=LAS  \\$aIPL-CLA$b00$c20230930$lBLL01$h1114

