=LDR  01304 am a2200385 a 4500
=001  013882334
=003  Uk
=005  20081107145025.0
=008  710426s1971\\\\nyu\\\\\\\\\\\001\0\eng\\
=010  \\$a70139308
=040  \\$aUk$beng$cUk
=042  \\$aukblderived
=082  04$a780.420973$222
=100  1\$aGoldman, Albert,$d1927-1994.
=245  10$aFreakshow :$bthe rocksoulbluesjazzsickjewblackhumorsexpoppsych gig and other scenes from the counter-culture /$cAlbert Goldman.
=260  \\$aNew York :$bAtheneum,$c1971.
=300  \\$axix, 387 p. ;$c22 cm.
=336  \\$atext$2rdacontent
=337  \\$aunmediated$2rdamedia
=338  \\$avolume$2rdacarrier
=500  \\$aIncludes index.
=650  \0$aPopular music$xHistory and criticism.
=650  \0$aPopular culture$xHistory$y20th century.
=852  41$aBritish Library$bHMNTS$jYD.2008.a.9196
=852  4\$aBritish Library$bDSC$xA71/1269
=CAT  \\$aUCB-NEWM$b00$c20070907$lBLL01$h1622
=CAT  \\$aBATCH$b00$c20070908$lBLL01$h0027
=CAT  \\$aBATCH$b00$c20071103$lBLL01$h1743
=CAT  \\$a8250$b40$c20081107$lBLL01$h1449
=CAT  \\$a8250$b40$c20081107$lBLL01$h1450
=CAT  \\$aBATCH-UPD$b40$c20110702$lBLL01$h1725
=FIN  \\$aY$d20071101
=FMT  \\$a  BK
=LAS  \\$aBATCH-UPD$b40$c20110702$lBLL01$h1725
=SRC  \\$aUCB 2007

