=LDR  01474pam a2200421 a 4500
=001  013889364
=003  Uk
=005  20090514110841.0
=008  070910s2007\\\\be\a\\\\\\\\\\001\0\eng\d
=015  \\$aGBA773652$2bnb
=016  7\$a013889364$2Uk
=020  \\$a9789061537489 (hbk.) :$c£39.00
=020  \\$a9061537487 (hbk.) :$c£39.00
=020  \\$a9789061537496 (pbk.) :$cNo price
=040  \\$aStDuBDS$beng$cStDuBDS$dUk
=042  \\$aukblcatcopy
=082  04$a709.41$222
=245  00$aBritish vision :$bobservation and imagination in British art, 1750-1950 /$cedited by Robert Hoozee ; with introductory essays by John Cage and Timothy Hyman.
=260  \\$aAntwerp :$bMercatorfonds,$cc2007.
=300  \\$a423 p. :$bill. (chiefly col.) ;$c32 cm.
=336  \\$atext$2rdacontent
=337  \\$aunmediated$2rdamedia
=338  \\$avolume$2rdacarrier
=500  \\$aIncludes index.
=500  \\$aFormerly CIP.$5Uk
=650  \0$aArt, British$vExhibitions.
=700  1\$aHoozee, Robert.
=852  41$aBritish Library$bOC$xStaff Reference
=852  41$aBritish Library$bHMNTS$jLC.31.b.5805
=CAT  \\$aBATCH-CIP$b00$c20070911$lBLL01$h1703
=CAT  \\$aBATCH$b00$c20070911$lBLL01$h1704
=CAT  \\$aBATCH$b00$c20070911$lBLL01$h1711
=CAT  \\$a12327$b40$c20080627$lBLL01$h1448
=CAT  \\$a9678$b40$c20090514$lBLL01$h1108
=CAT  \\$aWR16_021$c20160618$lBLL01$h1808
=FIN  \\$aY$d20090514
=FMT  \\$a  BK
=LAS  \\$aWR16_021$b00$c20160618$lBLL01$h1808

