=LDR  05903cas a2201177u  4500
=001  013889807
=003  Uk
=005  20201026140245.0
=008  950421d18491857||||||n|||\\\\0\\\||eng\\
=FMT  \\$a  SE
=019  n\$aNLC0000021
=040  \\$aUk$cUk
=082  04$a072.3595$222
=245  04$aThe Torquay Chronicle, and General Directory.
=336  \\$atext$2rdacontent
=337  \\$aunmediated$2rdamedia
=338  \\$avolume$2rdacarrier
=651  \0$aDevon (England)$vNewspapers.
=651  \0$aTorquay (England)$vNewspapers.
=752  \\$aEngland$bDevon$dTorquay.$2blnpn
=785  00$tTorquay Chronicle and South Devon Advertiser$gno.448-814 (16 May 1857 - 21 Jan. 1865)$w013889808
=866  \0$aNewspapers :no.1-447 (12 March 1849 - 5 May 1857)
=883  0\$aLanguage codes assigned by Bayesian analysis of words present in record$d20200826$qUk$c0.9919
=852  41$31855-1856$aBritish Library$bNPL$jNEWS4571
=852  41$31855-1875$aBritish Library$bNPL$jNEWS3889
=852  41$31856$aBritish Library$bHMNTS$zMicroform.$jMFM.M91426-27
=852  \\$aBritish Library$bNPL$cEW
=852  41$31855$aBritish Library$bHMNTS$z6 Oct-29 Dec 1855$zMicroform.$jMFM.M91425 [1855]
=852  41$31857$aBritish Library$bHMNTS$zMicroform.$jMFM.M91428 [1857]
=852  41$31858$aBritish Library$bHMNTS$zMicroform.$jMFM.M91429 [1858]
=852  41$31860$aBritish Library$bHMNTS$zMicroform.$jMFM.M91430 [1860]
=852  41$31861$aBritish Library$bHMNTS$zMicroform.$jMFM.M91431 [1861]
=852  41$31862$aBritish Library$bHMNTS$zMicroform.$jMFM.M91432 [1862]
=852  41$31863$aBritish Library$bHMNTS$zMicroform.$jMFM.M91433 [1863]
=852  41$31864$aBritish Library$bHMNTS$zMicroform.$jMFM.M91434 [1864]
=852  41$31865$aBritish Library$bHMNTS$zMicroform.$jMFM.M91435 [1865]
=852  41$31866$aBritish Library$bHMNTS$zMicroform.$jMFM.M91436 [1866]
=852  41$31867$aBritish Library$bHMNTS$zMicroform.$jMFM.M91437 [1867]
=852  41$31868$aBritish Library$bHMNTS$zMicroform.$jMFM.M91438 [1868]
=852  41$31869$aBritish Library$bHMNTS$zMicroform.$jMFM.M91439 [1869]
=852  41$31871$aBritish Library$bHMNTS$zMicroform.$jMFM.M91440 [1871]
=852  41$31872$aBritish Library$bHMNTS$zMicroform.$jMFM.M91441 [1872]
=852  41$31873$aBritish Library$bHMNTS$zMicroform.$jMFM.M91442 [1873]
=852  41$31874$aBritish Library$bHMNTS$zMicroform.$jMFM.M91443 [1874]
=852  41$31875$aBritish Library$bHMNTS$zMicroform.$jMFM.M91444 [1875]
=852  41$31859$aBritish Library$bHMNTS$zMicroform.$jMFM.M30743 [1859]
=852  41$31870$aBritish Library$bHMNTS$zMicroform.$jMFM.M23069 [1870]
=852  41$31855-1856$aBritish Library$bNPL$jNEWS4571
=852  41$31853-1854$aBritish Library$bHMNTS$zMicroform.$jMFM.M23213 [1853-1854]
=852  41$31853-1854$aBritish Library$bNPL$jNEWS8861
=852  41$31850-1854$aBritish Library$bNPL$jNEWS8857
=852  41$31852-1853$aBritish Library$bHMNTS$zMicroform.$jMFM.M28574 [1852-1853]
=852  41$31852-1853$aBritish Library$bNPL$jNEWS8289
=852  41$31849$aBritish Library$bNPL$jNEWS10302
=852  41$31850-1864$aBritish Library$bNPL$jNEWS2507
=852  41$31850-1853$aBritish Library$bHMNTS$zN. 5. No. 1 - 23. June. 3 - Nov. 8. 1850$zMicroform.$jMFM.M27203 [1850-1853]
=852  41$31862-1864$aBritish Library$bHMNTS$zMicroform.$jMFM.M27502 [1862-1864]
=852  41$31849-1857$aBritish Library$bNPL$jNEWS578
=852  41$31849$aBritish Library$bHMNTS$zMicroform.$jMFM.M41905 [1849]
=852  41$31850$aBritish Library$bHMNTS$zMicroform.$jMFM.M41906 [1850]
=852  41$31851$aBritish Library$bHMNTS$zMicroform.$jMFM.M41907 [1851]
=852  41$31852$aBritish Library$bHMNTS$zMicroform.$jMFM.M41908 [1852]
=852  41$31853-1854$aBritish Library$bHMNTS$zMicroform.$jMFM.M41909 [1853-1854]
=852  41$31855-1856$aBritish Library$bHMNTS$zMicroform.$jMFM.M41910 [1855-1856]
=852  41$31857$aBritish Library$bHMNTS$zMicroform.$jMFM.M41911 [1857]
=985  \\$aDisaggregated Record: NPL
=985  \\$aUpgraded by BSS-generated file for WR2009-0365
=CAT  \\$aBATCH-NPL$b00$c20070912$lBLL01$h1125
=CAT  \\$aRESET-LEV$b50$c20210902$lBLL01$h2124
=CAT  \\$aRESET-LEV$b50$c20211002$lBLL01$h1722
=CAT  \\$aRESET-LEV$b50$c20211102$lBLL01$h0303
=CAT  \\$aRESET-LEV$b50$c20211202$lBLL01$h2120
=CAT  \\$aRESET-LEV$b50$c20220103$lBLL01$h0030
=CAT  \\$aRESET-LEV$b50$c20220202$lBLL01$h0136
=CAT  \\$aRESET-LEV$b50$c20220302$lBLL01$h0051
=CAT  \\$aRESET-LEV$b50$c20220402$lBLL01$h1722
=CAT  \\$aRESET-LEV$b50$c20220502$lBLL01$h0238
=CAT  \\$aRESET-LEV$b50$c20220602$lBLL01$h2121
=CAT  \\$aRESET-LEV$b50$c20220702$lBLL01$h1724
=CAT  \\$aRESET-LEV$b50$c20220802$lBLL01$h0349
=CAT  \\$aRESET-LEV$b50$c20220902$lBLL01$h2216
=CAT  \\$aRESET-LEV$b50$c20221003$lBLL01$h0409
=CAT  \\$aRESET-LEV$b50$c20221102$lBLL01$h0229
=CAT  \\$aRESET-LEV$b50$c20221202$lBLL01$h2220
=CAT  \\$aRESET-LEV$b50$c20230102$lBLL01$h0255
=CAT  \\$aRESET-LEV$b50$c20230202$lBLL01$h2122
=CAT  \\$aRESET-LEV$b50$c20230302$lBLL01$h2130
=CAT  \\$aRESET-LEV$b50$c20230403$lBLL01$h0237
=CAT  \\$aRESET-LEV$b50$c20230502$lBLL01$h0320
=CAT  \\$aRESET-LEV$b50$c20230602$lBLL01$h2221
=CAT  \\$aRESET-LEV$b50$c20230703$lBLL01$h0502
=CAT  \\$aRESET-LEV$b50$c20230802$lBLL01$h0204
=CAT  \\$aRESET-LEV$b50$c20230902$lBLL01$h1731
=CAT  \\$aRESET-LEV$b50$c20231002$lBLL01$h0434
=FIN  \\$aY
=LEO  \\$aMP35.0000100021
=LKR  \\$aPAR$lBLL01$r78500$nTorquay Chronicle and South Devon Advertiser - no.448-814 (16 May 1857 - 21 Jan. 1865)$b013889808$mThe Torquay Chronicle, and General Directory. - no.1-447 (12 March 1849 - 5 May 1857)
=NID  \\$aNID0001545
=SRC  \\$aNPLv17$bbibmp35.20070831.aa
=TCO  \\$aZZZ$c008
=LAS  \\$aRESET-LEV$b50$c20231002$lBLL01$h0434

