=LDR  03608 as a2200817u  4500
=001  013890109
=003  Uk
=005  20201017093056.0
=008  950421d18581885|||wr|n|||\\\\0\\\||eng\\
=019  n\$aNLC0000166
=040  \\$aUk$cUk
=082  04$a072.823$222
=130  4\$aThe Rotherham & Masbro' Advertiser and Weekly Chronicle for South Yorkshire.
=245  14$aThe Rotherham & Masbro' Advertiser and Weekly Chronicle for South Yorkshire.
=336  \\$atext$2rdacontent
=337  \\$aunmediated$2rdamedia
=338  \\$avolume$2rdacarrier
=500  \\$aMicrofilm only: 1873; Feb-May 1897.
=651  \0$aRotherham (England)$vNewspapers.
=651  \0$aSouth Yorkshire (England)$vNewspapers.
=752  \\$aEngland$bSouth Yorkshire$dRotherham.$2blnpn
=785  00$tRotherham Advertiser$gno.2355-4554 (26 Sept. 1885-30 Dec. 1944)$w013890110
=852  41$31877$aBritish Library$bNPL$cEW$j444A [1877]
=852  41$31863$aBritish Library$bNPL$cEW$j4797 [1863]
=852  41$31864$aBritish Library$bNPL$cEW$j1772 [1864]
=852  41$31868$aBritish Library$bNPL$cEW$jM78772
=852  41$31867$aBritish Library$bNPL$cEW$jM78771
=852  41$31866$aBritish Library$bNPL$cEW$jM78770
=852  41$31841$aBritish Library$bNPL$cEW$j636 [1841]
=852  41$31852$aBritish Library$bNPL$cEW$j1072 [1852]
=852  41$31854$aBritish Library$bNPL$cEW$j1316 [1854]
=852  \\$aBritish Library$bNPL$cEW
=852  41$aBritish Library$bNPL$jNEWS shelfmarks - see explore.bl.uk for full holdings
=852  41$aBritish Library$bHMNTS$zMicroform.$jMFM shelfmarks - see explore.bl.uk for full holdings
=852  41$aBritish Library$bNPL$jPENN shelfmarks - see explore.bl.uk for full holdings
=852  41$31876$aBritish Library$bNPL$cEW$j299 [1876]
=866  \0$aNewspapers :no. 1-2354 (2 Jan. 1858-19 Sept. 1885)
=883  0\$aLanguage codes assigned by Bayesian analysis of words present in record$d20200826$qUk$c0.9919
=985  \\$aDisaggregated Record: NPL
=985  \\$aUpgraded by BSS-generated file for WR2009-0365
=CAT  \\$aBATCH-NPL$b00$c20070912$lBLL01$h1125
=CAT  \\$aBATCH-LINK$b00$c20070915$lBLL01$h0509
=CAT  \\$aBATCH-LINK$b00$c20070915$lBLL01$h0518
=CAT  \\$aBATCH$b00$c20070916$lBLL01$h1737
=CAT  \\$aB-BSS-DEL$b00$c20080331$lBLL01$h1537
=CAT  \\$aNPL-008-N$c20110504$lBLL01$h2203
=CAT  \\$aADD-NID$b00$c20110805$lBLL01$h1425
=CAT  \\$aWR11_021$c20111124$lBLL01$h1523
=CAT  \\$aWR11_021$c20111124$lBLL01$h1531
=CAT  \\$aNPL-LOCK$b77$c20140207$lBLL01$h2152
=CAT  \\$c20140214$lBLL01$h1738
=CAT  \\$aNSB-MIG$b50$c20140215$lBLL01$h0149
=CAT  \\$aNSB-MIG$b50$c20140215$lBLL01$h0151
=CAT  \\$aNSB-MIG$b50$c20140215$lBLL01$h0152
=CAT  \\$aNSB-MIG$b50$c20140215$lBLL01$h0155
=CAT  \\$aNSB-MIG$b50$c20140215$lBLL01$h0156
=CAT  \\$aNSB-MIG$b50$c20140215$lBLL01$h0157
=CAT  \\$aNSB-MIG$b50$c20140215$lBLL01$h0158
=CAT  \\$aRESET-LEV$b50$c20140302$lBLL01$h2334
=CAT  \\$c20140411$lBLL01$h1325
=CAT  \\$c20140428$lBLL01$h1055
=CAT  \\$aW2009-0365$b00$c20201017$lBLL01$h0930
=CAT  \\$aRESET-LEV$b50$c20201017$lBLL01$h1745
=FIN  \\$aY
=FMT  \\$a  SE
=LAS  \\$aRESET-LEV$b50$c20201017$lBLL01$h1745
=LEO  \\$aMP35.0000100157
=LKR  \\$aPAR$lBLL01$r78500$nRotherham Advertiser - no.2355-4554 (26 Sept. 1885-30 Dec. 1944)$b013890110$mThe Rotherham & Masbro' Advertiser and Weekly Chronicle for South Yorkshire. - no. 1-2354 (2 Jan. 1858-19 Sept. 1885)
=NID  \\$aNID0001797
=SRC  \\$aNPLv17$bbibmp35.20070831.aa
=TCO  \\$aZZZ$c008

