=LDR  03515cas a2200817u  4500
=001  013891142
=003  Uk
=005  20201026140245.0
=008  950421d18361918|||wr|n|||\\\\0\\\||eng\\
=FMT  \\$a  SE
=019  n\$aNLC0000638
=040  \\$aUk$cUk
=082  04$a072.842$222
=245  04$aThe Harrogate Advertiser and Weekly List of the Visitors.
=336  \\$atext$2rdacontent
=337  \\$aunmediated$2rdamedia
=338  \\$avolume$2rdacarrier
=500  \\$aWanting 1849;1912.
=651  \0$aHarrogate (England)$vNewspapers.
=651  \0$aNorth Yorkshire (England)$vNewspapers.
=752  \\$aEngland$bNorth Yorkshire$dHarrogate.$2blnpn
=785  00$tHarrogate Advertiser$g20 April 1918-$w013891143
=866  \0$aNewspapers :no. 1, etc (26 Sept 1836-13 April 1918)
=883  0\$aLanguage codes assigned by Bayesian analysis of words present in record$d20200826$qUk$c0.9919
=852  41$31898$aBritish Library$bNPL$cEW$j534 [1898]
=852  41$31872$aBritish Library$bNPL$cEW$j665 [1872]
=852  41$31897$aBritish Library$bNPL$cEW$j146 [1897]
=852  \\$aBritish Library$bNPL$cEW
=852  41$31864$aBritish Library$bNPL$cEW$j1772 [1864]
=852  41$31868$aBritish Library$bNPL$cEW$jM78772
=852  41$31867$aBritish Library$bNPL$cEW$jM78771
=852  41$31866$aBritish Library$bNPL$cEW$jM78770
=852  41$aBritish Library$bNPL$jNEWS shelfmarks - see explore.bl.uk for full holdings
=852  41$aBritish Library$bHMNTS$zMicroform.$jMFM shelfmarks - see explore.bl.uk for full holdings
=852  41$aBritish Library$bNPL$jPENN shelfmarks - see explore.bl.uk for full holdings
=985  \\$aDisaggregated Record: NPL
=985  \\$aUpgraded by BSS-generated file for WR2009-0365
=CAT  \\$aBATCH-NPL$b00$c20070912$lBLL01$h1126
=CAT  \\$aRESET-LEV$b50$c20210902$lBLL01$h2125
=CAT  \\$aRESET-LEV$b50$c20211002$lBLL01$h1724
=CAT  \\$aRESET-LEV$b50$c20211102$lBLL01$h0304
=CAT  \\$aRESET-LEV$b50$c20211202$lBLL01$h2120
=CAT  \\$aRESET-LEV$b50$c20220103$lBLL01$h0031
=CAT  \\$aRESET-LEV$b50$c20220202$lBLL01$h0136
=CAT  \\$aRESET-LEV$b50$c20220302$lBLL01$h0052
=CAT  \\$aRESET-LEV$b50$c20220402$lBLL01$h1724
=CAT  \\$aRESET-LEV$b50$c20220502$lBLL01$h0239
=CAT  \\$aRESET-LEV$b50$c20220602$lBLL01$h2122
=CAT  \\$aRESET-LEV$b50$c20220702$lBLL01$h1725
=CAT  \\$aRESET-LEV$b50$c20220802$lBLL01$h0350
=CAT  \\$aRESET-LEV$b50$c20220902$lBLL01$h2217
=CAT  \\$aRESET-LEV$b50$c20221003$lBLL01$h0410
=CAT  \\$aRESET-LEV$b50$c20221102$lBLL01$h0230
=CAT  \\$aRESET-LEV$b50$c20221202$lBLL01$h2221
=CAT  \\$aRESET-LEV$b50$c20230102$lBLL01$h0256
=CAT  \\$aRESET-LEV$b50$c20230202$lBLL01$h2123
=CAT  \\$aRESET-LEV$b50$c20230302$lBLL01$h2131
=CAT  \\$aRESET-LEV$b50$c20230403$lBLL01$h0238
=CAT  \\$aRESET-LEV$b50$c20230502$lBLL01$h0321
=CAT  \\$aRESET-LEV$b50$c20230602$lBLL01$h2222
=CAT  \\$aRESET-LEV$b50$c20230703$lBLL01$h0503
=CAT  \\$aRESET-LEV$b50$c20230802$lBLL01$h0205
=CAT  \\$aRESET-LEV$b50$c20230902$lBLL01$h1732
=CAT  \\$aRESET-LEV$b50$c20231002$lBLL01$h0436
=FIN  \\$aY
=LEO  \\$aMP35.0000100619
=LKR  \\$aPAR$lBLL01$r78500$nHarrogate Advertiser -20 April 1918-$b013891143$mThe Harrogate Advertiser and Weekly List of the Visitors. - no. 1, etc (26 Sept 1836-13 April 1918)
=NID  \\$aNID0002649
=SRC  \\$aNPLv17$bbibmp35.20070831.aa
=TCO  \\$aZZZ$c008
=LAS  \\$aRESET-LEV$b50$c20231002$lBLL01$h0436

