=LDR  03613 as a2200733u  4500
=001  013891493
=003  Uk
=005  20200417183441.0
=008  950421d19451958||||||n|||\\\\0\\\||eng\\
=019  n\$aNLC0000847
=040  \\$aUk$cUk
=082  04$a072.176$222
=245  04$aThe Boro" of West Ham, East Ham, Barking and Stratford Express.
=336  \\$atext$2rdacontent
=337  \\$aunmediated$2rdamedia
=338  \\$avolume$2rdacarrier
=651  \0$aNewham (London, England)$vNewspapers.
=752  \\$aEngland$dLondon$fNewham.$2blnpn
=780  00$tBoro" of West Ham, East Ham, and Stratford Express$gno. 1734-4361 (6 Oct. 1894-9 Feb. 1945)$w013891492
=785  00$tWest Ham, East Ham, Barking and Stratford Express$gno. 5077-5357 (31 Oct. 1958-3 April 1964)$w013891494
=852  41$31894-1945$aBritish Library$bNPL$jNEWS1445
=852  41$31935$aBritish Library$bHMNTS$zJul-Dec$zMicroform$jMFM.M31507 [1935]
=852  41$31946$aBritish Library$bHMNTS$z4 Jan 1946- 27 Dec 1946$zMicroform
=852  41$31912$aBritish Library$bHMNTS$zJul - Dec$zMicroform.$jMFM.M28839 [1912]
=852  41$31912$aBritish Library$bHMNTS$zJan - Jun$zMicroform.$jMFM.M28838 [1912]
=852  41$31915$aBritish Library$bHMNTS$zMicroform.$jMFM.M36023 [1915]
=852  41$31915$aBritish Library$bHMNTS$zMicroform.$jMFM.M36022 [1915]
=852  41$31919$aBritish Library$bHMNTS$zMicroform.$jMFM.M39158 [1919]
=852  41$31919$aBritish Library$bHMNTS$zMicroform.$jMFM.M39157 [1919]
=852  41$31922$aBritish Library$bHMNTS$zMicroform.$jMFM.M39374 [1922]
=852  41$31922$aBritish Library$bHMNTS$zMicroform.$jMFM.M39373 [1922]
=852  41$31945-1958$aBritish Library$bNPL$jNEWS1446
=852  41$31948$aBritish Library$bHMNTS$jMFM.M95268$zJan - Dec 1948$zMicroform
=852  41$31953$aBritish Library$bHMNTS$jMFM.M95282$zJan - Dec 1953$zMicroform
=852  41$31946$aBritish Library$bHMNTS$jMFM.M95266$zJan - Dec 1946$zMicroform
=852  41$31950$aBritish Library$bHMNTS$jMFM.M95269$zJan - Dec 1950$zMicroform
=852  41$31947$aBritish Library$bHMNTS$jMFM.M95267$zJan - Jun 1947$zMicroform
=852  41$31952$aBritish Library$bHMNTS$jMFM.M95270$zJan - Dec 1952$zMicroform
=852  41$31957$aBritish Library$bHMNTS$jMFM.M95271$zJan - Dec 1957$zMicroform
=866  \0$aNewspapers :no. 4362-5076 (16 Feb. 1945-24 Oct. 1958)
=985  \\$aUpgraded by BSS-generated file for WR1910-0531
=CAT  \\$aBATCH-NPL$b00$c20070912$lBLL01$h1126
=CAT  \\$aBATCH-LINK$b00$c20070915$lBLL01$h0503
=CAT  \\$aBATCH-LINK$b00$c20070915$lBLL01$h0509
=CAT  \\$aBATCH-LINK$b00$c20070915$lBLL01$h0519
=CAT  \\$aBATCH$b00$c20070916$lBLL01$h1740
=CAT  \\$aB-BSS-DEL$b00$c20080331$lBLL01$h1537
=CAT  \\$aNPL-008-N$c20110504$lBLL01$h2205
=CAT  \\$aADD-NID$b00$c20110805$lBLL01$h1426
=CAT  \\$aWR11_021$c20111124$lBLL01$h1523
=CAT  \\$aWR11_021$c20111124$lBLL01$h1531
=CAT  \\$aNPL-LOCK$b77$c20140207$lBLL01$h2153
=CAT  \\$c20140214$lBLL01$h1739
=CAT  \\$aNSB-MIG$b50$c20140215$lBLL01$h0201
=CAT  \\$aW1910-0531$b00$c20200417$lBLL01$h1834
=CAT  \\$aRESET-LEV$b50$c20200417$lBLL01$h2237
=FIN  \\$aY
=FMT  \\$a  SE
=LAS  \\$aRESET-LEV$b50$c20200417$lBLL01$h2237
=LEO  \\$aMP35.0000100825.3
=LKR  \\$aPAR$lBLL01$r78500$nWest Ham, East Ham, Barking and Stratford Express - no. 5077-5357 (31 Oct. 1958-3 April 1964)$b013891494$mThe Boro" of West Ham, East Ham, Barking and Stratford Express. - no. 4362-5076 (16 Feb. 1945-24 Oct. 1958)
=NID  \\$aNID0002923
=SRC  \\$aNPLv17$bbibmp35.20070831.aa
=TCO  \\$aZZZ$c008

