=LDR  20778cas a2204357u  4500
=001  013892047
=003  Uk
=005  20201127181231.0
=008  950421c18259999nik|||n|||\\\\0\\\||eng\\
=FMT  \\$a  SE
=019  n\$aNLC0001102
=040  \\$aUk$cUk
=082  04$a072.9163$222
=245  04$aThe Impartial Reporter, etc.
=336  \\$atext$2rdacontent
=337  \\$aunmediated$2rdamedia
=338  \\$avolume$2rdacarrier
=500  \\$aMicrofilm only: April 1873-April 1879; Jan.-Dec.1926.
=500  \\$a(Microfilm of 1926 is held on two reels, each of which was filmed from a different incomplete set).
=500  \\$aMicrofilm: 1986 onward.
=651  \0$aDublin (Ireland : County)$vNewspapers.
=651  \0$aEnniskillen (Northern Ireland)$vNewspapers.
=651  \0$aFermanagh (Northern Ireland)$vNewspapers.
=752  \\$aIreland$bCo. Fermanagh$dEnniskillen.$2blnpn
=866  \0$aNewspapers :no. 1, etc. (19 May 1825-)
=883  0\$aLanguage codes assigned by Bayesian analysis of words present in record$d20201028$qUk$c0.9010
=852  41$31915$aBritish Library$bNPL$cIRL$j95 [1915]
=852  41$31881$aBritish Library$bNPL$cIRL$j13 [1881]
=852  41$31882$aBritish Library$bNPL$cIRL$j68 [1882]
=852  41$31883$aBritish Library$bNPL$cIRL$j58 [1883]
=852  41$31884$aBritish Library$bNPL$cIRL$j25 [1884]
=852  41$31885$aBritish Library$bNPL$cIRL$j1 [1885]
=852  41$31886$aBritish Library$bNPL$cIRL$j47 [1886]
=852  41$31887$aBritish Library$bNPL$cIRL$j7 [1887]
=852  41$31888$aBritish Library$bNPL$cIRL$j55 [1888]
=852  41$31889$aBritish Library$bNPL$cIRL$j38 [1889]
=852  41$31891$aBritish Library$bNPL$cIRL$jL212 [1891]
=852  41$31851$aBritish Library$bNPL$cIRL$j46 [1851]
=852  41$31852$aBritish Library$bNPL$cIRL$j56 [1852]
=852  41$31853$aBritish Library$bNPL$cIRL$j47 [1853]
=852  41$31854$aBritish Library$bNPL$cIRL$j49 [1854]
=852  41$31855$aBritish Library$bNPL$cIRL$j49 [1855]
=852  41$31856$aBritish Library$bNPL$cIRL$j58 [1856]
=852  41$31857$aBritish Library$bNPL$cIRL$j45 [1857]
=852  41$31858$aBritish Library$bNPL$cIRL$j34 [1858]
=852  41$31859$aBritish Library$bNPL$cIRL$j32 [1859]
=852  41$31861$aBritish Library$bNPL$cIRL$j28 [1861]
=852  41$31862$aBritish Library$bNPL$cIRL$j65 [1862]
=852  41$31864$aBritish Library$bNPL$cIRL$j42 [1864]
=852  41$31865$aBritish Library$bNPL$cIRL$j3 [1865]
=852  41$31866$aBritish Library$bNPL$cIRL$j10 [1866]
=852  41$31867$aBritish Library$bNPL$cIRL$j19 [1867]
=852  41$31868$aBritish Library$bNPL$cIRL$j9 [1868]
=852  41$31869$aBritish Library$bNPL$cIRL$j50 [1869]
=852  41$31870$aBritish Library$bNPL$cIRL$j5 [1870]
=852  41$31871$aBritish Library$bNPL$cIRL$j32 [1871]
=852  41$31872$aBritish Library$bNPL$cIRL$j51 [1872]
=852  41$31873$aBritish Library$bNPL$cIRL$j39 [1873]
=852  41$31874$aBritish Library$bNPL$cIRL$j53 [1874]
=852  41$31875$aBritish Library$bNPL$cIRL$j49 [1875]
=852  41$31876$aBritish Library$bNPL$cIRL$j52 [1876]
=852  41$31877$aBritish Library$bNPL$cIRL$j19 [1877]
=852  41$31878$aBritish Library$bNPL$cIRL$j68 [1878]
=852  41$31879$aBritish Library$bNPL$cIRL$j55 [1879]
=852  41$31880$aBritish Library$bNPL$cIRL$j28 [1880]
=852  41$31882$aBritish Library$bNPL$cIRL$j51 [1882]
=852  41$31883$aBritish Library$bNPL$cIRL$j34 [1883]$xLost-Wanting
=852  41$31884$aBritish Library$bNPL$cIRL$j10 [1884]$x3 Jan. -25 Dec
=852  41$31885$aBritish Library$bNPL$cIRL$j61 [1885]$xJan. - Dec.
=852  41$31886$aBritish Library$bNPL$cIRL$j2 [1886]
=852  41$31887$aBritish Library$bNPL$cIRL$j48 [1887]
=852  41$31888$aBritish Library$bNPL$cIRL$j9 [1888]
=852  41$31889$aBritish Library$bNPL$cIRL$j32 [1889]
=852  41$31891$aBritish Library$bNPL$cIRL$j37 [1891]
=852  41$31892$aBritish Library$bNPL$cIRL$j50 [1892]
=852  41$31889$aBritish Library$bNPL$cIRL$j21 [1889]
=852  41$31890$aBritish Library$bNPL$cIRL$j40 [1890]
=852  41$31891$aBritish Library$bNPL$cIRL$j29 [1891]
=852  41$31892$aBritish Library$bNPL$cIRL$j80 [1892]
=852  41$31893$aBritish Library$bNPL$cIRL$j6 [1893]
=852  41$31895$aBritish Library$bNPL$cIRL$j69 [1895]
=852  41$31896$aBritish Library$bNPL$cIRL$j85 [1896]
=852  41$31914$aBritish Library$bNPL$cIRL$j31 [1914]
=852  41$31861$aBritish Library$bNPL$cIRL$j60 [1861]
=852  41$31862$aBritish Library$bNPL$cIRL$j31 [1862]
=852  41$31863$aBritish Library$bNPL$cIRL$j60 [1863]
=852  41$31864$aBritish Library$bNPL$cIRL$j58 [1864]
=852  41$31865$aBritish Library$bNPL$cIRL$j1 [1865]
=852  41$31866$aBritish Library$bNPL$cIRL$j47 [1866]
=852  41$31867$aBritish Library$bNPL$cIRL$j27 [1867]
=852  41$31868$aBritish Library$bNPL$cIRL$j46 [1868]
=852  41$31869$aBritish Library$bNPL$cIRL$j51 [1869]
=852  41$31870$aBritish Library$bNPL$cIRL$j58 [1870]
=852  41$31870$aBritish Library$bNPL$cIRL$j57 [1870]
=852  41$31871$aBritish Library$bNPL$cIRL$j62 [1871]
=852  41$31872$aBritish Library$bNPL$cIRL$j47 [1872]
=852  41$31872$aBritish Library$bNPL$cIRL$j46 [1872]
=852  41$31873$aBritish Library$bNPL$cIRL$j4 [1873]
=852  41$31874$aBritish Library$bNPL$cIRL$j46 [1874]
=852  41$31875$aBritish Library$bNPL$cIRL$j40 [1875]
=852  41$31875$aBritish Library$bNPL$cIRL$j39 [1875]
=852  41$31876$aBritish Library$bNPL$cIRL$j77 [1876]
=852  41$31876$aBritish Library$bNPL$cIRL$j76 [1876]
=852  41$31877$aBritish Library$bNPL$cIRL$j50 [1877]
=852  41$31878$aBritish Library$bNPL$cIRL$j37 [1878]
=852  41$31878$aBritish Library$bNPL$cIRL$j36 [1878]
=852  41$31879$aBritish Library$bNPL$cIRL$j11 [1879]
=852  41$31879$aBritish Library$bNPL$cIRL$j10 [1879]
=852  41$31880$aBritish Library$bNPL$cIRL$j39 [1880]
=852  41$31881$aBritish Library$bNPL$cIRL$j63 [1881]
=852  41$31882$aBritish Library$bNPL$cIRL$j36 [1882]
=852  41$31883$aBritish Library$bNPL$cIRL$j48 [1883]
=852  41$31884$aBritish Library$bNPL$cIRL$j13 [1884]
=852  41$31885$aBritish Library$bNPL$cIRL$j31 [1885]
=852  41$31886$aBritish Library$bNPL$cIRL$j43 [1886]
=852  41$31887$aBritish Library$bNPL$cIRL$j6 [1887]
=852  41$31889$aBritish Library$bNPL$cIRL$j95 [1889]
=852  41$31890$aBritish Library$bNPL$cIRL$j37 [1890]
=852  41$31891$aBritish Library$bNPL$cIRL$j30 [1891]
=852  41$31892$aBritish Library$bNPL$cIRL$j25 [1892]
=852  41$31893$aBritish Library$bNPL$cIRL$j90 [1893]
=852  41$31894$aBritish Library$bNPL$cIRL$j22 [1894]
=852  41$31894$aBritish Library$bNPL$cIRL$j21 [1894]
=852  41$31895$aBritish Library$bNPL$cIRL$j65 [1895]
=852  41$31895$aBritish Library$bNPL$cIRL$j64 [1895]
=852  41$31896$aBritish Library$bNPL$cIRL$j81 [1896]
=852  41$31896$aBritish Library$bNPL$cIRL$j80 [1896]
=852  41$31851$aBritish Library$bNPL$cIRL$j52 [1851]
=852  41$31852$aBritish Library$bNPL$cIRL$j46 [1852]
=852  41$31861$aBritish Library$bNPL$cIRL$j36 [1861]
=852  41$31862$aBritish Library$bNPL$cIRL$j45 [1862]
=852  41$31863$aBritish Library$bNPL$cIRL$j69 [1863]
=852  41$31864$aBritish Library$bNPL$cIRL$j8 [1864]
=852  41$31865$aBritish Library$bNPL$cIRL$j34 [1865]
=852  41$31851$aBritish Library$bNPL$cIRL$j17 [1851]
=852  41$31852$aBritish Library$bNPL$cIRL$j26 [1852]
=852  41$31853$aBritish Library$bNPL$cIRL$j3 [1853]
=852  41$31854$aBritish Library$bNPL$cIRL$j55 [1854]
=852  41$31855$aBritish Library$bNPL$cIRL$j9 [1855]
=852  41$31856$aBritish Library$bNPL$cIRL$j15 [1856]
=852  41$31857$aBritish Library$bNPL$cIRL$j6 [1857]
=852  41$31858$aBritish Library$bNPL$cIRL$j3 [1858]
=852  41$31859$aBritish Library$bNPL$cIRL$j55 [1859]
=852  41$31860$aBritish Library$bNPL$cIRL$j67 [1860]
=852  41$31861$aBritish Library$bNPL$cIRL$j7 [1861]
=852  41$31862$aBritish Library$bNPL$cIRL$j12 [1862]
=852  41$31863$aBritish Library$bNPL$cIRL$j66 [1863]
=852  41$31864$aBritish Library$bNPL$cIRL$j14 [1864]
=852  41$31865$aBritish Library$bNPL$cIRL$j55 [1865]
=852  41$31866$aBritish Library$bNPL$cIRL$j19 [1866]
=852  41$31867$aBritish Library$bNPL$cIRL$j29 [1867]
=852  41$31868$aBritish Library$bNPL$cIRL$j70 [1868]
=852  41$31869$aBritish Library$bNPL$cIRL$j13 [1869]
=852  41$31870$aBritish Library$bNPL$cIRL$j26 [1870]
=852  41$31872$aBritish Library$bNPL$cIRL$j60 [1872]
=852  41$31873$aBritish Library$bNPL$cIRL$j16 [1873]
=852  41$31874$aBritish Library$bNPL$cIRL$j54 [1874]
=852  41$31875$aBritish Library$bNPL$cIRL$j50 [1875]
=852  41$31876$aBritish Library$bNPL$cIRL$j56 [1876]
=852  41$31877$aBritish Library$bNPL$cIRL$j38 [1877]
=852  41$31878$aBritish Library$bNPL$cIRL$j35 [1878]
=852  41$31879$aBritish Library$bNPL$cIRL$j17 [1879]
=852  41$31880$aBritish Library$bNPL$cIRL$j42 [1880]
=852  41$31882$aBritish Library$bNPL$cIRL$j37 [1882]
=852  41$31883$aBritish Library$bNPL$cIRL$j50 [1883]
=852  41$31884$aBritish Library$bNPL$cIRL$j14 [1884]
=852  41$31886$aBritish Library$bNPL$cIRL$j40 [1886]
=852  41$31887$aBritish Library$bNPL$cIRL$j8 [1887]
=852  41$31888$aBritish Library$bNPL$cIRL$j75A [1888]
=852  41$31889$aBritish Library$bNPL$cIRL$j45 [1889]
=852  41$31890$aBritish Library$bNPL$cIRL$j40 [1890]
=852  41$31891$aBritish Library$bNPL$cIRL$j35 [1891]
=852  41$31892$aBritish Library$bNPL$cIRL$j8 [1892]
=852  41$31893$aBritish Library$bNPL$cIRL$j10 [1893]
=852  41$31895$aBritish Library$bNPL$cIRL$j16 [1895]
=852  41$31896$aBritish Library$bNPL$cIRL$j90 [1896]
=852  41$31851$aBritish Library$bNPL$cIRL$j17 [1851]
=852  41$31852$aBritish Library$bNPL$cIRL$j26 [1852]
=852  41$31853$aBritish Library$bNPL$cIRL$j3 [1853]
=852  41$31854$aBritish Library$bNPL$cIRL$j55 [1854]
=852  41$31855$aBritish Library$bNPL$cIRL$j9 [1855]
=852  41$31856$aBritish Library$bNPL$cIRL$j15 [1856]
=852  41$31857$aBritish Library$bNPL$cIRL$j6 [1857]
=852  41$31858$aBritish Library$bNPL$cIRL$j3 [1858]
=852  41$31859$aBritish Library$bNPL$cIRL$j55 [1859]
=852  41$31860$aBritish Library$bNPL$cIRL$j67 [1860]
=852  41$31861$aBritish Library$bNPL$cIRL$j7 [1861]
=852  41$31862$aBritish Library$bNPL$cIRL$j12 [1862]
=852  41$31863$aBritish Library$bNPL$cIRL$j66 [1863]
=852  41$31864$aBritish Library$bNPL$cIRL$j14 [1864]
=852  41$31865$aBritish Library$bNPL$cIRL$j55 [1865]
=852  41$31866$aBritish Library$bNPL$cIRL$j19 [1866]
=852  41$31867$aBritish Library$bNPL$cIRL$j29 [1867]
=852  41$31868$aBritish Library$bNPL$cIRL$j70 [1868]
=852  41$31869$aBritish Library$bNPL$cIRL$j13 [1869]
=852  41$31870$aBritish Library$bNPL$cIRL$j26 [1870]
=852  41$31872$aBritish Library$bNPL$cIRL$j60 [1872]
=852  41$31873$aBritish Library$bNPL$cIRL$j16 [1873]
=852  41$31874$aBritish Library$bNPL$cIRL$j54 [1874]
=852  41$31875$aBritish Library$bNPL$cIRL$j50 [1875]
=852  41$31876$aBritish Library$bNPL$cIRL$j56 [1876]
=852  41$31877$aBritish Library$bNPL$cIRL$j38 [1877]
=852  41$31878$aBritish Library$bNPL$cIRL$j35 [1878]
=852  41$31879$aBritish Library$bNPL$cIRL$j17 [1879]
=852  41$31880$aBritish Library$bNPL$cIRL$j42 [1880]
=852  41$31882$aBritish Library$bNPL$cIRL$j37 [1882]
=852  41$31883$aBritish Library$bNPL$cIRL$j50 [1883]
=852  41$31884$aBritish Library$bNPL$cIRL$j14 [1884]
=852  41$31886$aBritish Library$bNPL$cIRL$j40 [1886]
=852  41$31887$aBritish Library$bNPL$cIRL$j8 [1887]
=852  41$31888$aBritish Library$bNPL$cIRL$j75A [1888]
=852  41$31889$aBritish Library$bNPL$cIRL$j45 [1889]
=852  41$31890$aBritish Library$bNPL$cIRL$j40 [1890]
=852  41$31891$aBritish Library$bNPL$cIRL$j35 [1891]
=852  41$31892$aBritish Library$bNPL$cIRL$j8 [1892]
=852  41$31893$aBritish Library$bNPL$cIRL$j10 [1893]
=852  41$31895$aBritish Library$bNPL$cIRL$j16 [1895]
=852  41$31896$aBritish Library$bNPL$cIRL$j90 [1896]
=852  41$31856$aBritish Library$bNPL$cIRL$j54 [1856]
=852  41$31857$aBritish Library$bNPL$cIRL$j41 [1857]
=852  41$31858$aBritish Library$bNPL$cIRL$j39 [1858]
=852  41$31862$aBritish Library$bNPL$cIRL$j49 [1862]
=852  41$31860$aBritish Library$bNPL$cIRL$j49 [1860]
=852  41$31861$aBritish Library$bNPL$cIRL$j27 [1861]
=852  41$31863$aBritish Library$bNPL$cIRL$j32 [1863]
=852  41$31851$aBritish Library$bNPL$cIRL$j45 [1851]
=852  41$31859$aBritish Library$bNPL$cIRL$j31 [1859]
=852  41$31866$aBritish Library$bNPL$cIRL$j65 [1866]
=852  41$31867$aBritish Library$bNPL$cIRL$j73 [1867]
=852  41$31868$aBritish Library$bNPL$cIRL$j54 [1868]
=852  41$31852$aBritish Library$bNPL$cIRL$j53 [1852]
=852  41$31854$aBritish Library$bNPL$cIRL$j10A [1854]
=852  41$31853$aBritish Library$bNPL$cIRL$j41 [1853]
=852  41$31855$aBritish Library$bNPL$cIRL$j13 [1855]
=852  41$31865$aBritish Library$bNPL$cIRL$j52 [1865]
=852  41$31864$aBritish Library$bNPL$cIRL$j47 [1864]
=852  41$31869$aBritish Library$bNPL$cIRL$j34 [1869]
=852  41$31851$aBritish Library$bNPL$cIRL$j27 [1851]
=852  41$31852$aBritish Library$bNPL$cIRL$j1 [1852]
=852  41$31853$aBritish Library$bNPL$cIRL$j37 [1853]
=852  41$31854$aBritish Library$bNPL$cIRL$j17 [1854]
=852  41$31855$aBritish Library$bNPL$cIRL$j51 [1855]
=852  41$31856$aBritish Library$bNPL$cIRL$j62 [1856]
=852  41$31857$aBritish Library$bNPL$cIRL$j47 [1857]
=852  41$31858$aBritish Library$bNPL$cIRL$j37 [1858]
=852  41$31859$aBritish Library$bNPL$cIRL$j33 [1859]
=852  41$31860$aBritish Library$bNPL$cIRL$j51 [1860]
=852  41$31861$aBritish Library$bNPL$cIRL$j28 [1861]
=852  41$31862$aBritish Library$bNPL$cIRL$j50 [1862]
=852  41$31863$aBritish Library$bNPL$cIRL$j26A [1863]
=852  41$31864$aBritish Library$bNPL$cIRL$j7 [1864]
=852  41$31866$aBritish Library$bNPL$cIRL$j58 [1866]
=852  41$31867$aBritish Library$bNPL$cIRL$j41 [1867]
=852  41$31868$aBritish Library$bNPL$cIRL$j60 [1868]
=852  41$31869$aBritish Library$bNPL$cIRL$j36 [1869]
=852  41$31870$aBritish Library$bNPL$cIRL$j55 [1870]
=852  41$31871$aBritish Library$bNPL$cIRL$j36 [1871]
=852  41$31872$aBritish Library$bNPL$cIRL$j66 [1872]
=852  41$31873$aBritish Library$bNPL$cIRL$j3 [1873]
=852  41$31874$aBritish Library$bNPL$cIRL$j36 [1874]
=852  41$31875$aBritish Library$bNPL$cIRL$j27 [1875]
=852  41$31876$aBritish Library$bNPL$cIRL$j41 [1876]
=852  41$31877$aBritish Library$bNPL$cIRL$j53 [1877]
=852  41$31878$aBritish Library$bNPL$cIRL$j6 [1878]
=852  41$31851$aBritish Library$bNPL$cIRL$j27 [1851]
=852  41$31852$aBritish Library$bNPL$cIRL$j1 [1852]
=852  41$31853$aBritish Library$bNPL$cIRL$j37 [1853]
=852  41$31854$aBritish Library$bNPL$cIRL$j17 [1854]
=852  41$31855$aBritish Library$bNPL$cIRL$j51 [1855]
=852  41$31856$aBritish Library$bNPL$cIRL$j62 [1856]
=852  41$31857$aBritish Library$bNPL$cIRL$j47 [1857]
=852  41$31858$aBritish Library$bNPL$cIRL$j37 [1858]
=852  41$31859$aBritish Library$bNPL$cIRL$j33 [1859]
=852  41$31860$aBritish Library$bNPL$cIRL$j51 [1860]
=852  41$31861$aBritish Library$bNPL$cIRL$j28 [1861]
=852  41$31862$aBritish Library$bNPL$cIRL$j50 [1862]
=852  41$31863$aBritish Library$bNPL$cIRL$j26A [1863]
=852  41$31864$aBritish Library$bNPL$cIRL$j7 [1864]
=852  41$31866$aBritish Library$bNPL$cIRL$j58 [1866]
=852  41$31867$aBritish Library$bNPL$cIRL$j41 [1867]
=852  41$31868$aBritish Library$bNPL$cIRL$j60 [1868]
=852  41$31869$aBritish Library$bNPL$cIRL$j36 [1869]
=852  41$31870$aBritish Library$bNPL$cIRL$j55 [1870]
=852  41$31871$aBritish Library$bNPL$cIRL$j36 [1871]
=852  41$31872$aBritish Library$bNPL$cIRL$j66 [1872]
=852  41$31873$aBritish Library$bNPL$cIRL$j3 [1873]
=852  41$31874$aBritish Library$bNPL$cIRL$j36 [1874]
=852  41$31875$aBritish Library$bNPL$cIRL$j27 [1875]
=852  41$31876$aBritish Library$bNPL$cIRL$j41 [1876]
=852  41$31877$aBritish Library$bNPL$cIRL$j53 [1877]
=852  41$31878$aBritish Library$bNPL$cIRL$j6 [1878]
=852  41$31851$aBritish Library$bNPL$cIRL$j27 [1851]
=852  41$31852$aBritish Library$bNPL$cIRL$j1 [1852]
=852  41$31853$aBritish Library$bNPL$cIRL$j17 [1853]
=852  41$31854$aBritish Library$bNPL$cIRL$j25 [1854]
=852  41$31855$aBritish Library$bNPL$cIRL$j1 [1855]
=852  41$31856$aBritish Library$bNPL$cIRL$j2 [1856]
=852  41$31857$aBritish Library$bNPL$cIRL$j6 [1857]
=852  41$31858$aBritish Library$bNPL$cIRL$j61 [1858]
=852  41$31859$aBritish Library$bNPL$cIRL$j54 [1859]
=852  41$31860$aBritish Library$bNPL$cIRL$j64 [1860]
=852  41$31861$aBritish Library$bNPL$cIRL$j10 [1861]
=852  41$31862$aBritish Library$bNPL$cIRL$j66 [1862]
=852  41$31863$aBritish Library$bNPL$cIRL$j3 [1863]
=852  41$31864$aBritish Library$bNPL$cIRL$j64 [1864]
=852  41$31865$aBritish Library$bNPL$cIRL$j52 [1865]
=852  41$31866$aBritish Library$bNPL$cIRL$j15 [1866]
=852  41$31867$aBritish Library$bNPL$cIRL$j67 [1867]
=852  41$31868$aBritish Library$bNPL$cIRL$j7 [1868]
=852  41$31869$aBritish Library$bNPL$cIRL$j2 [1869]
=852  41$31870$aBritish Library$bNPL$cIRL$j7 [1870]
=852  41$31871$aBritish Library$bNPL$cIRL$j33 [1871]
=852  41$31872$aBritish Library$bNPL$cIRL$j53 [1872]
=852  41$31873$aBritish Library$bNPL$cIRL$j11 [1873]
=852  41$31874$aBritish Library$bNPL$cIRL$j31 [1874]
=852  41$31875$aBritish Library$bNPL$cIRL$j45 [1875]
=852  41$31876$aBritish Library$bNPL$cIRL$j54 [1876]
=852  41$31877$aBritish Library$bNPL$cIRL$j35 [1877]
=852  41$31878$aBritish Library$bNPL$cIRL$j59 [1878]
=852  41$31879$aBritish Library$bNPL$cIRL$j54 [1879]
=852  41$31880$aBritish Library$bNPL$cIRL$j29 [1880]
=852  41$31882$aBritish Library$bNPL$cIRL$j77 [1882]
=852  41$31883$aBritish Library$bNPL$cIRL$j81 [1883]
=852  41$31884$aBritish Library$bNPL$cIRL$j4 [1884]
=852  41$31885$aBritish Library$bNPL$cIRL$j62 [1885]
=852  41$31886$aBritish Library$bNPL$cIRL$j2 [1886]
=852  41$31887$aBritish Library$bNPL$cIRL$j41 [1887]
=852  41$31888$aBritish Library$bNPL$cIRL$j4 [1888]
=852  41$31889$aBritish Library$bNPL$cIRL$j32 [1889]
=852  41$31890$aBritish Library$bNPL$cIRL$j48 [1890]
=852  41$31891$aBritish Library$bNPL$cIRL$j51 [1891]
=852  41$31892$aBritish Library$bNPL$cIRL$j101 [1892]
=852  41$31893$aBritish Library$bNPL$cIRL$j57 [1893]
=852  41$31894$aBritish Library$bNPL$cIRL$j67 [1894]
=852  41$31895$aBritish Library$bNPL$cIRL$j55 [1895]
=852  41$31896$aBritish Library$bNPL$cIRL$j88 [1896]
=852  \\$aBritish Library$bNPL$cIRL
=852  \\$aBritish Library$bNPL$cIRL
=852  \\$aBritish Library$bNPL$cIRL
=852  \\$aBritish Library$bNPL$cIRL
=852  \\$aBritish Library$bNPL$cIRL
=852  \\$aBritish Library$bNPL$cIRL
=852  41$aBritish Library$bNPL$jNEWS shelfmarks - see explore.bl.uk for full holdings
=852  41$aBritish Library$bHMNTS$zMicroform.$jMFM shelfmarks - see explore.bl.uk for full holdings
=985  \\$aUpgraded by BSS-generated file for WR2011-1472
=CAT  \\$aBATCH-NPL$b00$c20070912$lBLL01$h1127
=CAT  \\$aBATCH$b00$c20070916$lBLL01$h1741
=CAT  \\$aB-BSS-DEL$b00$c20080331$lBLL01$h1538
=CAT  \\$aNPL-008-N$c20110504$lBLL01$h2206
=CAT  \\$aADD-NID$b00$c20110805$lBLL01$h1426
=CAT  \\$aWR11_021$c20111124$lBLL01$h1523
=CAT  \\$aWR11_021$c20111124$lBLL01$h1531
=CAT  \\$aNPL-LOCK$b77$c20140207$lBLL01$h2154
=CAT  \\$c20140214$lBLL01$h1739
=CAT  \\$aNSB-MIG$b50$c20140215$lBLL01$h0149
=CAT  \\$aNSB-MIG$b50$c20140215$lBLL01$h0150
=CAT  \\$aRESET-LEV$b50$c20140302$lBLL01$h2337
=CAT  \\$a8874N$b50$c20170522$lBLL01$h0942
=CAT  \\$aW2011-1472$b00$c20201127$lBLL01$h1812
=CAT  \\$aRESET-LEV$b50$c20201127$lBLL01$h2237
=FIN  \\$aY
=LEO  \\$aMP35.0000101075
=NID  \\$aNID0003376
=SRC  \\$aNPLv17$bbibmp35.20070831.aa
=TCO  \\$aZZZ$c008
=LAS  \\$aRESET-LEV$b50$c20201127$lBLL01$h2237

