=LDR  09299 as a2201705u  4500
=001  013892492
=003  Uk
=005  20111019160920.0
=007  hd\afa015bacu
=008  950421c18609999enkwr\nea\\\\\0\\\a0eng\\
=019  n\$aNLC0001287
=022  1\$y0963-4703
=040  \\$aUk$cUk$dUk
=082  04$a072.385$222
=245  00$aWest Somerset free press$h[microform].
=260  \\$aWilliton :$bWest Somerset Free Press Ltd
=310  \\$aWeekly
=336  \\$atext$2rdacontent
=337  \\$amicroform$2rdamedia
=338  \\$amicrofilm reel$2rdacarrier
=533  \\$aMicrofilm.$bLondon :$cBritish Library,$e35 mm.
=651  \0$aMinehead (England)$vNewspapers.
=651  \0$aSomerset (England)$vNewspapers.
=752  \\$aEngland$bSomerset$dMinehead.$2blnpn
=852  41$31861$aBritish Library$bHMNTS$zMicroform.$jMFM.M33571 [1861]
=852  41$31986-2009$aBritish Library$bHMNTS$z-Dec 2009$zMicroform.$jMFM.SP249
=852  41$31924$aBritish Library$bHMNTS$zMicroform.$jMFM.M86661 [1924]
=852  41$31925$aBritish Library$bHMNTS$zMicroform.$jMFM.M86662 [1925]
=852  41$31926$aBritish Library$bHMNTS$zMicroform.$jMFM.M86663 [1926]
=852  41$31862$aBritish Library$bHMNTS$zMicroform.$jMFM.M86605 [1862]
=852  41$31863$aBritish Library$bHMNTS$zMicroform.$jMFM.M86606 [1863]
=852  41$31865$aBritish Library$bHMNTS$zMicroform.$jMFM.M86607 [1865]
=852  41$31866$aBritish Library$bHMNTS$zMicroform.$jMFM.M86608 [1866]
=852  41$31867$aBritish Library$bHMNTS$zMicroform.$jMFM.M86609 [1867]
=852  41$31868$aBritish Library$bHMNTS$zMicroform.$jMFM.M86610 [1868]
=852  41$31869$aBritish Library$bHMNTS$zJan-Feb; Apr-Dec 1869$zMicroform.$jMFM.M86611 [1869]
=852  41$31870$aBritish Library$bHMNTS$zMicroform.$jMFM.M86612 [1870]
=852  41$31871$aBritish Library$bHMNTS$zMicroform.$jMFM.M86613 [1871]
=852  41$31872$aBritish Library$bHMNTS$z13 Jul-28 Dec 1872$zMicroform.$jMFM.M86614 [1872]
=852  41$31873$aBritish Library$bHMNTS$zMicroform.$jMFM.M86614 [1873]
=852  41$31874$aBritish Library$bHMNTS$zMicroform.$jMFM.M86615 [1874]
=852  41$31875$aBritish Library$bHMNTS$zMicroform.$jMFM.M86616 [1875]
=852  41$31876$aBritish Library$bHMNTS$zMicroform.$jMFM.M86617 [1876]
=852  41$31877$aBritish Library$bHMNTS$zMicroform.$jMFM.M86618 [1877]
=852  41$31878$aBritish Library$bHMNTS$zMicroform.$jMFM.M86619 [1878]
=852  41$31879$aBritish Library$bHMNTS$zMicroform.$jMFM.M86620 [1879]
=852  41$31880$aBritish Library$bHMNTS$zMicroform.$jMFM.M86621 [1880]
=852  41$31882$aBritish Library$bHMNTS$zMicroform.$jMFM.M86622 [1882]
=852  41$31883$aBritish Library$bHMNTS$zMicroform.$jMFM.M86623 [1883]
=852  41$31884$aBritish Library$bHMNTS$zMicroform.$jMFM.M86624 [1884]
=852  41$31885$aBritish Library$bHMNTS$zMicroform.$jMFM.M86625 [1885]
=852  41$31886$aBritish Library$bHMNTS$zMicroform.$jMFM.M86626 [1886]
=852  41$31887$aBritish Library$bHMNTS$zMicroform.$jMFM.M86627 [1887]
=852  41$31888$aBritish Library$bHMNTS$zMicroform.$jMFM.M86628 [1888]
=852  41$31890$aBritish Library$bHMNTS$zMicroform.$jMFM.M86629 [1890]
=852  41$31891$aBritish Library$bHMNTS$zMicroform.$jMFM.M86630 [1891]
=852  41$31892$aBritish Library$bHMNTS$zMicroform.$jMFM.M86631 [1892]
=852  41$31894$aBritish Library$bHMNTS$zMicroform.$jMFM.M86632 [1894]
=852  41$31895$aBritish Library$bHMNTS$zMicroform.$jMFM.M86633 [1895]
=852  41$31896$aBritish Library$bHMNTS$zMicroform.$jMFM.M86634 [1896]
=852  41$31897$aBritish Library$bHMNTS$zMicroform.$jMFM.M86635 [1897]
=852  41$31898$aBritish Library$bHMNTS$zMicroform.$jMFM.M86636 [1898]
=852  41$31899$aBritish Library$bHMNTS$zMicroform.$jMFM.M86637 [1899]
=852  41$31900$aBritish Library$bHMNTS$zMicroform.$jMFM.M86638 [1900]
=852  41$31901$aBritish Library$bHMNTS$zMicroform.$jMFM.M86639 [1901]
=852  41$31902$aBritish Library$bHMNTS$zMicroform.$jMFM.M86640 [1902]
=852  41$31903$aBritish Library$bHMNTS$zMicroform.$jMFM.M86641 [1903]
=852  41$31904$aBritish Library$bHMNTS$zMicroform.$jMFM.M86642 [1904]
=852  41$31905$aBritish Library$bHMNTS$zMicroform.$jMFM.M86643 [1905]
=852  41$31906$aBritish Library$bHMNTS$zMicroform.$jMFM.M86644 [1906]
=852  41$31907$aBritish Library$bHMNTS$zMicroform.$jMFM.M86645 [1907]
=852  41$31908$aBritish Library$bHMNTS$zMicroform.$jMFM.M86646 [1908]
=852  41$31909$aBritish Library$bHMNTS$zMicroform.$jMFM.M86647 [1909]
=852  41$31911$aBritish Library$bHMNTS$zMicroform.$jMFM.M86648 [1911]
=852  41$31912$aBritish Library$bHMNTS$zMicroform.$jMFM.M86649 [1912]
=852  41$31913$aBritish Library$bHMNTS$zMicroform.$jMFM.M86650 [1913]
=852  41$31914$aBritish Library$bHMNTS$zMicroform.$jMFM.M86651 [1914]
=852  41$31915$aBritish Library$bHMNTS$zMicroform.$jMFM.M86652 [1915]
=852  41$31916$aBritish Library$bHMNTS$zMicroform.$jMFM.M86653 [1916]
=852  41$31917$aBritish Library$bHMNTS$zMicroform.$jMFM.M86654 [1917]
=852  41$31918$aBritish Library$bHMNTS$zMicroform.$jMFM.M86655 [1918]
=852  41$31919$aBritish Library$bHMNTS$zMicroform.$jMFM.M86656 [1919]
=852  41$31920$aBritish Library$bHMNTS$zMicroform.$jMFM.M86657 [1920]
=852  41$31921$aBritish Library$bHMNTS$zMicroform.$jMFM.M86658 [1921]
=852  41$31922$aBritish Library$bHMNTS$zMicroform.$jMFM.M86659 [1922]
=852  41$31923$aBritish Library$bHMNTS$zMicroform.$jMFM.M86660 [1923]
=852  41$31928$aBritish Library$bHMNTS$zMicroform.$jMFM.M86665-66
=852  41$31929$aBritish Library$bHMNTS$zMicroform.$jMFM.M86667-68
=852  41$31930$aBritish Library$bHMNTS$zMicroform.$jMFM.M86669-70
=852  41$31931$aBritish Library$bHMNTS$zMicroform.$jMFM.M86671-72
=852  41$31932$aBritish Library$bHMNTS$zMicroform.$jMFM.M86673-74
=852  41$31933$aBritish Library$bHMNTS$zMicroform.$jMFM.M86675-76
=852  41$31934$aBritish Library$bHMNTS$zMicroform.$jMFM.M86677-78
=852  41$31935$aBritish Library$bHMNTS$zMicroform.$jMFM.M86679-80
=852  41$31936$aBritish Library$bHMNTS$zMicroform.$jMFM.M86681-82
=852  41$31938$aBritish Library$bHMNTS$zMicroform.$jMFM.M86685-86
=852  41$31937$aBritish Library$bHMNTS$zMicroform.$jMFM.M86683-84
=852  41$31939$aBritish Library$bHMNTS$zMicroform.$jMFM.M86687-88
=852  \\$aBritish Library$bNPL$cEW
=852  41$31860$aBritish Library$bHMNTS$zMicroform.$jMFM.M33571 [1860]
=852  41$31864$aBritish Library$bHMNTS$zMicroform.$jMFM.M33572 [1864]
=852  41$31881$aBritish Library$bHMNTS$zMicroform.$jMFM.M40048 [1881]
=852  41$31889$aBritish Library$bHMNTS$zMicroform.$jMFM.M40311 [1889]
=852  41$31893$aBritish Library$bHMNTS$zMicroform.$jMFM.M20614 [1893]
=852  41$31910$aBritish Library$bHMNTS$zMicroform.$jMFM.M811 [1910]
=852  41$31927$aBritish Library$bHMNTS$zMicroform.$jMFM.M86664 [1927]
=852  41$31940$aBritish Library$bHMNTS$zMicroform.$jMFM.M86689 [1940]
=852  41$31941$aBritish Library$bHMNTS$zMicroform.$jMFM.M86690 [1941]
=852  41$31942$aBritish Library$bHMNTS$zMicroform.$jMFM.M86691 [1942]
=852  41$31943$aBritish Library$bHMNTS$zMicroform.$jMFM.M86692 [1943]
=852  41$31944$aBritish Library$bHMNTS$zMicroform.$jMFM.M86693 [1944]
=852  41$31945$aBritish Library$bHMNTS$zMicroform.$jMFM.M86694 [1945]
=852  41$31946$aBritish Library$bHMNTS$zMicroform.$jMFM.M86695 [1946]
=852  41$31947$aBritish Library$bHMNTS$zMicroform.$jMFM.M86696 [1947]
=852  41$31948$aBritish Library$bHMNTS$zMicroform.$jMFM.M86697 [1948]
=852  41$31956$aBritish Library$bHMNTS$zMicroform.$jMFM.M86705 [1956]
=852  41$31957$aBritish Library$bHMNTS$zMicroform.$jMFM.M86706 [1957]
=852  41$31949$aBritish Library$bHMNTS$zMicroform.$jMFM.M86698 [1949]
=852  41$31950$aBritish Library$bHMNTS$zMicroform.$jMFM.M86699 [1950]
=852  41$31951$aBritish Library$bHMNTS$zMicroform.$jMFM.M86700 [1951]
=852  41$31952$aBritish Library$bHMNTS$zMicroform.$jMFM.M86701 [1952]
=852  41$31953$aBritish Library$bHMNTS$zMicroform.$jMFM.M86702 [1953]
=852  41$31954$aBritish Library$bHMNTS$zMicroform.$jMFM.M86703 [1954]
=852  41$31955$aBritish Library$bHMNTS$zMicroform.$jMFM.M86704 [1955]
=866  \0$aNewspapers :no. 1 (28 July 1860)- ; Microfilm holdings only. Some issues are held in print only. See separate record for print holdings
=CAT  \\$aBATCH-NPL$b00$c20070912$lBLL01$h1127
=CAT  \\$aBATCH$b00$c20070916$lBLL01$h1742
=CAT  \\$aB-BSS-DEL$b00$c20080331$lBLL01$h1538
=CAT  \\$a6537$b40$c20090914$lBLL01$h1447
=CAT  \\$aNPL-008-N$c20110504$lBLL01$h2207
=CAT  \\$a8323$b40$c20110510$lBLL01$h1651
=CAT  \\$aADD-NID$b00$c20110805$lBLL01$h1426
=CAT  \\$a8201$b40$c20111017$lBLL01$h1118
=CAT  \\$a10932$b40$c20111019$lBLL01$h1609
=CAT  \\$aWR11_021$c20111124$lBLL01$h1524
=CAT  \\$aWR11_021$c20111124$lBLL01$h1531
=CAT  \\$aNPL-LOCK$b77$c20140207$lBLL01$h2154
=CAT  \\$c20140214$lBLL01$h1739
=FIN  \\$aY
=FMT  \\$a  SE
=LAS  \\$c20140214$lBLL01$h1739
=LEO  \\$aMP35.0000101260
=NID  \\$aNID0000366
=SRC  \\$aNPLv17$bbibmp35.20070831.aa
=TCO  \\$aCLA$bCLA$c008

