=LDR  02628 as a2200661u  4500
=001  013892810
=003  Uk
=005  20201127181236.0
=008  950421d18971937||||||n|||\\\\0\\\||eng\\
=019  n\$aNLC0001428
=040  \\$aUk$cUk
=082  04$a072.342$222
=245  00$aGuernsey Evening Press.
=336  \\$atext$2rdacontent
=337  \\$aunmediated$2rdamedia
=338  \\$avolume$2rdacarrier
=651  \0$aChannel Islands$vNewspapers.
=651  \0$aGuernsey (Channel Islands)$vNewspapers.
=651  \0$aSaint Peter Port (Channel Islands)$vNewspapers.
=752  \\$aEngland$bGuernsey$dSaint Peter Port.$2blnpn
=785  00$tEvening Press$gno. 10926-11159 (4 Sept. 1937-28 Jan. 1941)$w013892811
=852  \\$aBritish Library$bNPL$cEW
=852  \\$aBritish Library$bNPL$cEW
=852  \\$aBritish Library$bNPL$cEW
=852  \\$aBritish Library$bNPL$cEW
=852  \\$aBritish Library$bNPL$cEW
=852  \\$aBritish Library$bNPL$cEW
=852  \\$aBritish Library$bNPL$cEW
=852  \\$aBritish Library$bNPL$cEW
=852  \\$aBritish Library$bNPL$cEW
=852  41$aBritish Library$bNPL$jNEWS shelfmarks - see explore.bl.uk for full holdings
=852  41$aBritish Library$bHMNTS$zMicroform.$jMFM shelfmarks - see explore.bl.uk for full holdings
=866  \0$aNewspapers :no. 1-10925 (31 July 1897-3 Sept. 1937)
=883  0\$aLanguage codes assigned by Bayesian analysis of words present in record$d20201028$qUk$c0.9010
=985  \\$aDisaggregated Record: NPL
=985  \\$aUpgraded by BSS-generated file for WR2011-1472
=CAT  \\$aBATCH-NPL$b00$c20070912$lBLL01$h1127
=CAT  \\$aBATCH-LINK$b00$c20070915$lBLL01$h0510
=CAT  \\$aBATCH-LINK$b00$c20070915$lBLL01$h0519
=CAT  \\$aBATCH$b00$c20070916$lBLL01$h1742
=CAT  \\$aB-BSS-DEL$b00$c20080331$lBLL01$h1538
=CAT  \\$aNPL-008-N$c20110504$lBLL01$h2207
=CAT  \\$aADD-NID$b00$c20110805$lBLL01$h1426
=CAT  \\$aWR11_021$c20111124$lBLL01$h1524
=CAT  \\$aWR11_021$c20111124$lBLL01$h1531
=CAT  \\$aNPL-LOCK$b77$c20140207$lBLL01$h2154
=CAT  \\$c20140214$lBLL01$h1739
=CAT  \\$aNSB-MIG$b50$c20140215$lBLL01$h0144
=CAT  \\$aW2011-1472$b00$c20201127$lBLL01$h1812
=CAT  \\$aRESET-LEV$b50$c20201127$lBLL01$h2237
=FIN  \\$aY
=FMT  \\$a  SE
=LAS  \\$aRESET-LEV$b50$c20201127$lBLL01$h2237
=LEO  \\$aMP35.0000101400
=LKR  \\$aPAR$lBLL01$r78500$nEvening Press - no. 10926-11159 (4 Sept. 1937-28 Jan. 1941)$b013892811$mGuernsey Evening Press. - no. 1-10925 (31 July 1897-3 Sept. 1937)
=NID  \\$aNID0004011
=SRC  \\$aNPLv17$bbibmp35.20070831.aa
=TCO  \\$aZZZ$c008

