=LDR  03544 as a2200745u  4500
=001  013892811
=003  Uk
=005  20201127181236.0
=008  950421d19371941||||||n|||\\\\0\\\||eng\\
=019  n\$aNLC0001428
=040  \\$aUk$cUk
=082  04$a072.342$222
=245  00$aEvening Press.
=336  \\$atext$2rdacontent
=337  \\$aunmediated$2rdamedia
=338  \\$avolume$2rdacarrier
=651  \0$aChannel Islands$vNewspapers.
=651  \0$aGuernsey (Channel Islands)$vNewspapers.
=651  \0$aSaint Peter Port (Channel Islands)$vNewspapers.
=752  \\$aEngland$bGuernsey$dSaint Peter Port.$2blnpn
=780  00$tGuernsey Evening Press$gno. 1-10925 (31 July 1897-3 Sept. 1937)$w013892810
=785  00$tGuernsey Evening Press$gno. 11160-20335 (29 Jan. 1941-30 Oct. 1965)$w013892812
=852  41$31938$aBritish Library$bHMNTS$zMicroform.$jMFM.M80729-32
=852  41$31939$aBritish Library$bHMNTS$zMicroform.$jMFM.M80733-36
=852  41$31940$aBritish Library$bHMNTS$zMicroform.$jMFM.M80737-39
=852  41$31937-1941$aBritish Library$bNPL$jNEWS2122
=852  \\$aBritish Library$bNPL$cEW
=852  41$31937$aBritish Library$bHMNTS$zOct-Dec$zMicroform.$jMFM.M80728 [1937]
=852  41$31938$aBritish Library$bHMNTS$zJan-Mar$zMicroform.$jMFM.M80729 [1938]
=852  41$31939$aBritish Library$bHMNTS$zJul-Sep$zMicroform.$jMFM.M80735 [1939]
=852  41$31939$aBritish Library$bHMNTS$zOct-Dec$zMicroform.$jMFM.M80736 [1939]
=852  41$31938$aBritish Library$bHMNTS$zApr-Jun$zMicroform.$jMFM.M80730 [1938]
=852  41$31938$aBritish Library$bHMNTS$zJul-Sep$zMicroform.$jMFM.M80731 [1938]
=852  41$31939$aBritish Library$bHMNTS$zJan-Mar$zMicroform.$jMFM.M80732 [1939]
=852  41$31939$aBritish Library$bHMNTS$zJan-Mar$zMicroform.$jMFM.M80733 [1939]
=852  41$31939$aBritish Library$bHMNTS$zApr-Jun$zMicroform.$jMFM.M80734 [1939]
=852  41$31940$aBritish Library$bHMNTS$zJan-Apr$zMicroform.$jMFM.M80737 [1940]
=852  41$31940$aBritish Library$bHMNTS$zMay-Jul$zMicroform.$jMFM.M80738 [1940]
=852  41$31940$aBritish Library$bHMNTS$zAug-Dec$zMicroform.$jMFM.M80739 [1940]
=852  41$31941$aBritish Library$bHMNTS$z2 Jan-30 Jun 1941$zMicroform.$jMFM.M80740 [1941]
=866  \0$aNewspapers :no. 10926-11159 (4 Sept. 1937-28 Jan. 1941)
=883  0\$aLanguage codes assigned by Bayesian analysis of words present in record$d20201028$qUk$c0.9010
=985  \\$aDisaggregated Record: NPL
=985  \\$aUpgraded by BSS-generated file for WR2011-1472
=CAT  \\$aBATCH-NPL$b00$c20070912$lBLL01$h1127
=CAT  \\$aBATCH-LINK$b00$c20070915$lBLL01$h0503
=CAT  \\$aBATCH-LINK$b00$c20070915$lBLL01$h0510
=CAT  \\$aBATCH-LINK$b00$c20070915$lBLL01$h0519
=CAT  \\$aBATCH$b00$c20070916$lBLL01$h1742
=CAT  \\$aB-BSS-DEL$b00$c20080331$lBLL01$h1538
=CAT  \\$aNPL-008-N$c20110504$lBLL01$h2207
=CAT  \\$aADD-NID$b00$c20110805$lBLL01$h1426
=CAT  \\$aWR11_021$c20111124$lBLL01$h1524
=CAT  \\$aWR11_021$c20111124$lBLL01$h1531
=CAT  \\$aNPL-LOCK$b77$c20140207$lBLL01$h2154
=CAT  \\$c20140214$lBLL01$h1739
=CAT  \\$aW2011-1472$b00$c20201127$lBLL01$h1812
=FIN  \\$aY
=FMT  \\$a  SE
=LAS  \\$aW2011-1472$b00$c20201127$lBLL01$h1812
=LEO  \\$aMP35.0000101400.1
=LKR  \\$aPAR$lBLL01$r78500$nGuernsey Evening Press - no. 11160-20335 (29 Jan. 1941-30 Oct. 1965)$b013892812$mEvening Press. - no. 10926-11159 (4 Sept. 1937-28 Jan. 1941)
=NID  \\$aNID0004012
=SRC  \\$aNPLv17$bbibmp35.20070831.aa
=TCO  \\$aZZZ$c008

