=LDR  06837 as a2201249u  4500
=001  013892812
=003  Uk
=005  20201127181236.0
=008  950421d19411965||||||n|||\\\\0\\\||eng\\
=019  n\$aNLC0001428
=040  \\$aUk$cUk
=082  04$a072.342$222
=245  00$aGuernsey Evening Press.
=336  \\$atext$2rdacontent
=337  \\$aunmediated$2rdamedia
=338  \\$avolume$2rdacarrier
=651  \0$aChannel Islands$vNewspapers.
=651  \0$aGuernsey (Channel Islands)$vNewspapers.
=651  \0$aSaint Peter Port (Channel Islands)$vNewspapers.
=752  \\$aEngland$bGuernsey$dSaint Peter Port.$2blnpn
=780  00$tEvening Press$gno. 10926-11159 (4 Sept. 1937-28 Jan. 1941)$w013892811
=785  00$tGuernsey Evening Press and Star$gno. 20336-30832 (1 Nov. 1965-11 Sept. 1999)$w013892813
=852  41$31938$aBritish Library$bHMNTS$zMicroform.$jMFM.M80729-32
=852  41$31939$aBritish Library$bHMNTS$zMicroform.$jMFM.M80733-36
=852  41$31940$aBritish Library$bHMNTS$zMicroform.$jMFM.M80737-39
=852  41$31937-1941$aBritish Library$bNPL$jNEWS2122
=852  \\$aBritish Library$bNPL$cEW
=852  41$31937$aBritish Library$bHMNTS$zOct-Dec$zMicroform.$jMFM.M80728 [1937]
=852  41$31938$aBritish Library$bHMNTS$zJan-Mar$zMicroform.$jMFM.M80729 [1938]
=852  41$31939$aBritish Library$bHMNTS$zJul-Sep$zMicroform.$jMFM.M80735 [1939]
=852  41$31939$aBritish Library$bHMNTS$zOct-Dec$zMicroform.$jMFM.M80736 [1939]
=852  41$31938$aBritish Library$bHMNTS$zApr-Jun$zMicroform.$jMFM.M80730 [1938]
=852  41$31938$aBritish Library$bHMNTS$zJul-Sep$zMicroform.$jMFM.M80731 [1938]
=852  41$31939$aBritish Library$bHMNTS$zJan-Mar$zMicroform.$jMFM.M80732 [1939]
=852  41$31939$aBritish Library$bHMNTS$zJan-Mar$zMicroform.$jMFM.M80733 [1939]
=852  41$31939$aBritish Library$bHMNTS$zApr-Jun$zMicroform.$jMFM.M80734 [1939]
=852  41$31940$aBritish Library$bHMNTS$zJan-Apr$zMicroform.$jMFM.M80737 [1940]
=852  41$31940$aBritish Library$bHMNTS$zMay-Jul$zMicroform.$jMFM.M80738 [1940]
=852  41$31940$aBritish Library$bHMNTS$zAug-Dec$zMicroform.$jMFM.M80739 [1940]
=852  41$31941$aBritish Library$bHMNTS$z2 Jan-30 Jun 1941$zMicroform.$jMFM.M80740 [1941]
=852  41$31949$aBritish Library$bHMNTS$zJul-Dec 1949$zMicroform.$jMFM.M80754-55
=852  41$31946$aBritish Library$bHMNTS$zMicroform.$jMFM.M80746-47
=852  41$31947$aBritish Library$bHMNTS$zJan-Jun; Aug-Dec 1947$zMicroform.$jMFM.M80748-49
=852  41$31948$aBritish Library$bHMNTS$zJan-Aug 1948$zMicroform.$jMFM.M80750-51
=852  41$31951$aBritish Library$bHMNTS$zJan-Sep 1951$zMicroform.$jMFM.M80756-58
=852  41$31952$aBritish Library$bHMNTS$zMicroform.$jMFM.M80760-63
=852  41$31953$aBritish Library$bHMNTS$zJan-Jun 1953$zMicroform.$jMFM.M80764-65
=852  41$31941-1965$aBritish Library$bNPL$jNEWS2123
=852  41$31949$aBritish Library$bHMNTS$z5 Jan-28 Feb; 1 Apr-29 Jun$zMicroform.$jMFM.M80753 [1949]
=852  41$31948$aBritish Library$bHMNTS$zSep-Dec$zMicroform.$jMFM.M80752 [1948]
=852  41$31949$aBritish Library$bHMNTS$zJul-Sep$zMicroform.$jMFM.M80754 [1949]
=852  41$31949$aBritish Library$bHMNTS$zOct-Dec$zMicroform.$jMFM.M80755 [1949]
=852  41$31951$aBritish Library$bHMNTS$zJan-Mar$zMicroform.$jMFM.M80756 [1951]
=852  41$31951$aBritish Library$bHMNTS$zApr-Jun$zMicroform.$jMFM.M80757 [1951]
=852  41$31951$aBritish Library$bHMNTS$zJul-Sep$zMicroform.$jMFM.M80758 [1951]
=852  41$31954$aBritish Library$bHMNTS$zJan-Mar$zMicroform.$jMFM.M80768 [1954]
=852  41$31954$aBritish Library$bHMNTS$zJan-Mar$zMicroform.$jMFM.M80768 [1954]
=852  41$31952$aBritish Library$bHMNTS$zJan-Mar$zMicroform.$jMFM.M80760 [1952]
=852  41$31952$aBritish Library$bHMNTS$zApr-Jun$zMicroform.$jMFM.M80761 [1952]
=852  41$31952$aBritish Library$bHMNTS$zJul-Sep$zMicroform.$jMFM.M80762 [1952]
=852  41$31952$aBritish Library$bHMNTS$zOct-Dec$zMicroform.$jMFM.M80763 [1952]
=852  41$31953$aBritish Library$bHMNTS$zJan-Mar$zMicroform.$jMFM.M80764 [1953]
=852  41$31953$aBritish Library$bHMNTS$zApr-Jun$zMicroform.$jMFM.M80765 [1953]
=852  41$31953$aBritish Library$bHMNTS$zOct-Dec$zMicroform.$jMFM.M80767 [1953]
=852  \\$aBritish Library$bNPL$cEW
=852  \\$aBritish Library$bNPL$cEW
=852  \\$aBritish Library$bNPL$cEW
=852  41$31941$aBritish Library$bHMNTS$zJul-Dec$zMicroform.$jMFM.M80741 [1941]
=852  41$31942$aBritish Library$bHMNTS$zMicroform.$jMFM.M80742 [1942]
=852  \\$aBritish Library$bNPL$cEW
=852  41$31950$aBritish Library$bHMNTS$zMicroform.$jMFM.M72331-4
=852  41$31943$aBritish Library$bHMNTS$zMicroform.$jMFM.M80743 [1943]
=852  41$31944$aBritish Library$bHMNTS$zMicroform.$jMFM.M80744 [1944]
=852  41$31945$aBritish Library$bHMNTS$zMicroform.$jMFM.M80745 [1945]
=852  41$31946$aBritish Library$bHMNTS$z7 Jan-29 Jun$zMicroform.$jMFM.M80746 [1946]
=852  41$31946$aBritish Library$bHMNTS$zJul-Dec$zMicroform.$jMFM.M80747 [1946]
=852  41$31947$aBritish Library$bHMNTS$zJan-Jun$zMicroform.$jMFM.M80748 [1947]
=852  41$31947$aBritish Library$bHMNTS$zAug-Dec$zMicroform.$jMFM.M80749 [1947]
=852  41$31948$aBritish Library$bHMNTS$zJan-Apr$zMicroform.$jMFM.M80750 [1948]
=852  41$31948$aBritish Library$bHMNTS$zMay-Aug$zMicroform.$jMFM.M80751 [1948]
=866  \0$aNewspapers :no. 11160-20335 (29 Jan. 1941-30 Oct. 1965)
=883  0\$aLanguage codes assigned by Bayesian analysis of words present in record$d20201028$qUk$c0.9010
=985  \\$aDisaggregated Record: NPL
=985  \\$aUpgraded by BSS-generated file for WR2011-1472
=CAT  \\$aBATCH-NPL$b00$c20070912$lBLL01$h1127
=CAT  \\$aBATCH-LINK$b00$c20070915$lBLL01$h0503
=CAT  \\$aBATCH-LINK$b00$c20070915$lBLL01$h0510
=CAT  \\$aBATCH-LINK$b00$c20070915$lBLL01$h0519
=CAT  \\$aBATCH$b00$c20070916$lBLL01$h1742
=CAT  \\$aB-BSS-DEL$b00$c20080331$lBLL01$h1538
=CAT  \\$aNPL-008-N$c20110504$lBLL01$h2207
=CAT  \\$aADD-NID$b00$c20110805$lBLL01$h1426
=CAT  \\$aWR11_021$c20111124$lBLL01$h1524
=CAT  \\$aWR11_021$c20111124$lBLL01$h1531
=CAT  \\$aNPL-LOCK$b77$c20140207$lBLL01$h2154
=CAT  \\$c20140214$lBLL01$h1739
=CAT  \\$aNSB-MIG$b50$c20140215$lBLL01$h0144
=CAT  \\$aW2011-1472$b00$c20201127$lBLL01$h1812
=CAT  \\$aRESET-LEV$b50$c20201127$lBLL01$h2237
=FIN  \\$aY
=FMT  \\$a  SE
=LAS  \\$aRESET-LEV$b50$c20201127$lBLL01$h2237
=LEO  \\$aMP35.0000101400.2
=LKR  \\$aPAR$lBLL01$r78500$nGuernsey Evening Press and Star - no. 20336-30832 (1 Nov. 1965-11 Sept. 1999)$b013892813$mGuernsey Evening Press. - no. 11160-20335 (29 Jan. 1941-30 Oct. 1965)
=NID  \\$aNID0004013
=SRC  \\$aNPLv17$bbibmp35.20070831.aa
=TCO  \\$aZZZ$c008

