=LDR  08936cas a22016217a 4500
=001  013892813
=003  Uk
=005  20220228115227.0
=007  ta
=008  950421d19651999gg\dr\n\\\\\\\0\\\a0eng\\
=FMT  \\$a  SE
=019  n\$aNLC0001428
=022  1\$a1355-3984$202
=040  \\$aUk$cUk$dUk
=082  04$a072.342$222
=222  \0$aGuernsey evening press and star$b(1965)
=245  00$aGuernsey evening press and star
=260  \\$aVale :$bGuernsey Press.
=336  \\$atext$2rdacontent
=337  \\$aunmediated$2rdamedia
=338  \\$avolume$2rdacarrier
=540  \\$aBritish Library not licensed to copy$c0$5Uk
=651  \0$aGuernsey$vNewspapers.
=651  \0$aChannel Islands$vNewspapers.
=780  00$tGuernsey evening press
=785  00$tGuernsey press and star$x2755-7596
=866  \0$aNewspapers: no. 20336-30832 (1 Nov. 1965-11 Sept. 1999)
=852  41$31949$aBritish Library$bHMNTS$zJul-Dec 1949$zMicroform.$jMFM.M80754-55
=852  41$31946$aBritish Library$bHMNTS$zMicroform.$jMFM.M80746-47
=852  41$31947$aBritish Library$bHMNTS$zJan-Jun; Aug-Dec 1947$zMicroform.$jMFM.M80748-49
=852  41$31948$aBritish Library$bHMNTS$zJan-Aug 1948$zMicroform.$jMFM.M80750-51
=852  41$31951$aBritish Library$bHMNTS$zJan-Sep 1951$zMicroform.$jMFM.M80756-58
=852  41$31952$aBritish Library$bHMNTS$zMicroform.$jMFM.M80760-63
=852  41$31953$aBritish Library$bHMNTS$zJan-Jun 1953$zMicroform.$jMFM.M80764-65
=852  41$31941-1965$aBritish Library$bNPL$jNEWS2123
=852  41$31949$aBritish Library$bHMNTS$z5 Jan-28 Feb; 1 Apr-29 Jun$zMicroform.$jMFM.M80753 [1949]
=852  41$31948$aBritish Library$bHMNTS$zSep-Dec$zMicroform.$jMFM.M80752 [1948]
=852  41$31949$aBritish Library$bHMNTS$zJul-Sep$zMicroform.$jMFM.M80754 [1949]
=852  41$31949$aBritish Library$bHMNTS$zOct-Dec$zMicroform.$jMFM.M80755 [1949]
=852  41$31951$aBritish Library$bHMNTS$zJan-Mar$zMicroform.$jMFM.M80756 [1951]
=852  41$31951$aBritish Library$bHMNTS$zApr-Jun$zMicroform.$jMFM.M80757 [1951]
=852  41$31951$aBritish Library$bHMNTS$zJul-Sep$zMicroform.$jMFM.M80758 [1951]
=852  41$31954$aBritish Library$bHMNTS$zJan-Mar$zMicroform.$jMFM.M80768 [1954]
=852  41$31954$aBritish Library$bHMNTS$zJan-Mar$zMicroform.$jMFM.M80768 [1954]
=852  41$31952$aBritish Library$bHMNTS$zJan-Mar$zMicroform.$jMFM.M80760 [1952]
=852  41$31952$aBritish Library$bHMNTS$zApr-Jun$zMicroform.$jMFM.M80761 [1952]
=852  41$31952$aBritish Library$bHMNTS$zJul-Sep$zMicroform.$jMFM.M80762 [1952]
=852  41$31952$aBritish Library$bHMNTS$zOct-Dec$zMicroform.$jMFM.M80763 [1952]
=852  41$31953$aBritish Library$bHMNTS$zJan-Mar$zMicroform.$jMFM.M80764 [1953]
=852  41$31953$aBritish Library$bHMNTS$zApr-Jun$zMicroform.$jMFM.M80765 [1953]
=852  41$31953$aBritish Library$bHMNTS$zOct-Dec$zMicroform.$jMFM.M80767 [1953]
=852  \\$aBritish Library$bNPL$cEW
=852  \\$aBritish Library$bNPL$cEW
=852  \\$aBritish Library$bNPL$cEW
=852  41$31941$aBritish Library$bHMNTS$zJul-Dec$zMicroform.$jMFM.M80741 [1941]
=852  41$31942$aBritish Library$bHMNTS$zMicroform.$jMFM.M80742 [1942]
=852  \\$aBritish Library$bNPL$cEW
=852  41$31950$aBritish Library$bHMNTS$zMicroform.$jMFM.M72331-4
=852  41$31943$aBritish Library$bHMNTS$zMicroform.$jMFM.M80743 [1943]
=852  41$31944$aBritish Library$bHMNTS$zMicroform.$jMFM.M80744 [1944]
=852  41$31945$aBritish Library$bHMNTS$zMicroform.$jMFM.M80745 [1945]
=852  41$31946$aBritish Library$bHMNTS$z7 Jan-29 Jun$zMicroform.$jMFM.M80746 [1946]
=852  41$31946$aBritish Library$bHMNTS$zJul-Dec$zMicroform.$jMFM.M80747 [1946]
=852  41$31947$aBritish Library$bHMNTS$zJan-Jun$zMicroform.$jMFM.M80748 [1947]
=852  41$31947$aBritish Library$bHMNTS$zAug-Dec$zMicroform.$jMFM.M80749 [1947]
=852  41$31948$aBritish Library$bHMNTS$zJan-Apr$zMicroform.$jMFM.M80750 [1948]
=852  41$31948$aBritish Library$bHMNTS$zMay-Aug$zMicroform.$jMFM.M80751 [1948]
=852  41$31986-1999$aBritish Library$bHMNTS$zJan. - May, Aug. - Dec. 1993$zMicroform.$jMFM.SP1146
=852  41$31965-1985$aBritish Library$bNPL$jNEWS2124
=CAT  \\$aBATCH-NPL$b00$c20070912$lBLL01$h1127
=CAT  \\$aRESET-LEV$b50$c20211002$lBLL01$h1725
=CAT  \\$aRESET-LEV$b50$c20211102$lBLL01$h0305
=CAT  \\$aRESET-LEV$b50$c20211202$lBLL01$h2121
=CAT  \\$aRESET-LEV$b50$c20220103$lBLL01$h0032
=CAT  \\$aRESET-LEV$b50$c20220202$lBLL01$h0137
=CAT  \\$a8323N$b50$c20220228$lBLL01$h1152
=CAT  \\$aRESET-LEV$b50$c20220302$lBLL01$h0053
=CAT  \\$aRESET-LEV$b50$c20220402$lBLL01$h1725
=CAT  \\$aRESET-LEV$b50$c20220502$lBLL01$h0239
=CAT  \\$aRESET-LEV$b50$c20220602$lBLL01$h2123
=CAT  \\$aRESET-LEV$b50$c20220702$lBLL01$h1726
=CAT  \\$aRESET-LEV$b50$c20220802$lBLL01$h0351
=CAT  \\$aRESET-LEV$b50$c20220902$lBLL01$h2218
=CAT  \\$aRESET-LEV$b50$c20221003$lBLL01$h0411
=CAT  \\$aRESET-LEV$b50$c20221102$lBLL01$h0230
=CAT  \\$aRESET-LEV$b50$c20221202$lBLL01$h2222
=CAT  \\$aRESET-LEV$b50$c20230102$lBLL01$h0257
=CAT  \\$aRESET-LEV$b50$c20230202$lBLL01$h2124
=CAT  \\$aRESET-LEV$b50$c20230302$lBLL01$h2132
=CAT  \\$aRESET-LEV$b50$c20230403$lBLL01$h0238
=CAT  \\$aRESET-LEV$b50$c20230502$lBLL01$h0322
=CAT  \\$aRESET-LEV$b50$c20230602$lBLL01$h2223
=CAT  \\$aRESET-LEV$b50$c20230703$lBLL01$h0504
=CAT  \\$aRESET-LEV$b50$c20230802$lBLL01$h0206
=CAT  \\$aRESET-LEV$b50$c20230902$lBLL01$h1734
=CAT  \\$aRESET-LEV$b50$c20231002$lBLL01$h0438
=CFI  0\$aBritish Library not licensed to copy$c0$e01-jan-2014$hC$iCFP Excluded$5Uk
=CFI  2\$aBritish Library not licensed to copy$c0$e01-oct-2012$hC$iCFP Excluded$5Uk
=FIN  \\$aY
=LEO  \\$aMP22.0000044526
=LEO  \\$aMP35.0000101400.3
=NID  \\$aNID0004014
=SRC  \\$aISN01$bbibmp22.200404.2.aa
=SRC  \\$aNPLv17$bbibmp35.20070831.aa
=TCO  \\$aCLA$bCLA$c008
=ACF  \\$aBritish Library not licensed to copy$c0$e01-apr-2012$hC$iCLA Excluded$5Uk
=ACF  \\$aBritish Library not licensed to copy$c0$e01-jan-2012$hC$iCLA Excluded$5Uk
=ACF  \\$aBritish Library not licensed to copy$c0$e01-oct-2011$hC$iCLA Excluded$5Uk
=ACF  \\$aBritish Library not licensed to copy$c0$e01-jul-2011$hC$iCLA Excluded$5Uk
=ACF  \\$aBritish Library not licensed to copy$c0$e01-apr-2011$hC$iCLA Excluded$5Uk
=ACF  \\$aBritish Library not licensed to copy$c0$e01-jan-2011$hC$iCLA Excluded$5Uk
=ACF  \\$aBritish Library not licensed to copy$c0$e01-oct-2010$hC$iCLA Excluded$5Uk
=ACF  \\$aBritish Library not licensed to copy$c0$e01-jul-2010$hC$iCLA Excluded$5Uk
=ACF  \\$aBritish Library not licensed to copy$c0$e01-apr-2010$hC$iCLA Excluded$5Uk
=ACF  \\$aBritish Library not licensed to copy$c0$e01-Jan-2010$hC$iCLA Excluded$5Uk
=ACF  \\$aBritish Library not licensed to copy$c0$e01-oct-2009$hC$iCLA Excluded$5Uk
=ACF  \\$aBritish Library not licensed to copy$c0$e01-jul-2009$hC$iCLA Excluded$5Uk
=ACF  \\$aBritish Library not licensed to copy$c0$e01-apr-2009$hC$iCLA Excluded$5Uk
=ACF  \\$aBritish Library not licensed to copy$c0$e01-jan-2009$hC$iCLA Excluded$5Uk
=ACF  \\$aBritish Library not licensed to copy$c0$e01-oct-2008$hC$iCLA Excluded$5Uk
=ACF  \\$aBritish Library not licensed to copy$c0$e01-jul-2008$hC$iCLA Excluded$5Uk
=ACF  \\$aBritish Library not licensed to copy$c0$e01-apr-2008$hC$iCLA Excluded$5Uk
=ACF  \\$aBritish Library not licensed to copy$c0$e01-jan-2008$hC$iCLA Excluded$5Uk
=ACF  \\$aBritish Library not licensed to copy$c0$e01-oct-2007$hC$iCLA Excluded$5Uk
=ACF  \\$aBritish Library not licensed to copy$c0$e01-jul-2007$hC$iCLA Excluded$5Uk
=ACF  \\$aBritish Library not licensed to copy$c0$e01-apr-2007$hC$iCLA Excluded$5Uk
=ACF  \\$aBritish Library not licensed to copy$c0$e01-jan-2007$hC$iCLA Excluded$5Uk
=ACF  \\$aBritish Library not licensed to copy$c0$e01-oct-2006$hC$iCLA Excluded$5Uk
=ACF  \\$aBritish Library not licensed to copy$c0$e01-jul-2006$hC$iCLA Excluded$5Uk
=ACF  \\$aBritish Library not licensed to copy$c0$e01-apr-2006$hC$iCLA Excluded$5Uk
=ACF  \\$aBritish Library not licensed to copy$c0$e01-jan-2006$hC$iCLA Excluded$5Uk
=ACF  \\$aBritish Library not licensed to copy$c0$e01-oct-2005$hC$iCLA Excluded$5Uk
=ACF  \\$aBritish Library not licensed to copy$c0$e01-jul-2005$hC$iCLA Excluded$5Uk
=ACF  \\$aBritish Library not licensed to copy$c0$e01-apr-2005$hC$iCLA Excluded$5Uk
=ACF  \\$aBritish Library not licensed to copy$c0$e01-jan-2005$hC$iCLA Excluded$5Uk
=ACF  \\$aBritish Library not licensed to copy$c0$e01-oct-2004$hC$iCLA Excluded$5Uk
=ACF  \\$aBritish Library not licensed to copy$c0$e01-jul-2012$hC$iCLA Excluded$5Uk
=LAS  \\$aRESET-LEV$b50$c20231002$lBLL01$h0438

