=LDR  02622aas a2200733 a 4500
=001  013892990
=003  Uk
=005  20110305094302.0
=007  hd\afa015bacu
=008  950421d19852004enkwr\nea\\\\\0\\\a0eng\\
=019  n\$aNLC0001507
=022  1\$a1741-3494
=040  \\$aUk$beng$cUk$dUk
=042  \\$aukblsr
=082  04$a072.393$222
=130  0\$aBristol observer (East edition)
=222  \0$aBristol observer$b(East ed.)
=245  10$aBristol observer$h[microform].
=246  30$aObserver
=250  \\$aEast ed.
=260  \\$aBristol :$bBristol United Press,$c1985-2004.
=260  3\$aBristol :$bBristol Observer
=300  \\$av. :$bill., ports. ;$c42 cm.
=310  \\$aWeekly
=336  \\$atext$2rdacontent
=337  \\$amicroform$2rdamedia
=338  \\$amicrofilm reel$2rdacarrier
=362  0\$aNo. 1 (Oct. 25, 1985)-Apr. 16, 2004.
=490  1\$aBristol observer series
=500  \\$aDescription based on: Jan. 2, 2004 issue.
=500  \\$aFinal issue consulted.
=533  \\$aMicrofilm.$bLondon :$cBritish Library,$d1989-2007.$e35 mm.
=580  \\$aMerged with: Bristol observer (Kingswood ed.), to become: Bristol observer (East & Kingswood edition).
=651  \0$aAvon (England)$vNewspapers.
=651  \0$aBristol (England)$vNewspapers.
=752  \\$aEngland$bAvon$dBristol.$2blnpn
=785  17$tBristol observer (Kingswood edition)
=785  17$tBristol observer (East & Kingswood edition)
=830  \0$aBristol observer series
=852  41$aBritish Library$bHMNTS$zMicroform.$31986-16 Apr. 2004
=852  41$31986-2004$aBritish Library$bHMNTS$zMicroform.$jMFM.SP950
=CAT  \\$aBATCH-NPL$b00$c20070912$lBLL01$h1127
=CAT  \\$aBATCH$b00$c20070916$lBLL01$h1742
=CAT  \\$aB-BSS-DEL$b00$c20080331$lBLL01$h1538
=CAT  \\$a8323$b40$c20080924$lBLL01$h0810
=CAT  \\$a8323$b40$c20080924$lBLL01$h0824
=CAT  \\$a8323$b40$c20080924$lBLL01$h1312
=CAT  \\$a8323$b40$c20081006$lBLL01$h0842
=CAT  \\$aBATCH$b00$c20091217$lBLL01$h0506
=CAT  \\$aBATCH$b00$c20100103$lBLL01$h1259
=CAT  \\$a10932$b40$c20110305$lBLL01$h0943
=CAT  \\$aNPL-008-N$c20110504$lBLL01$h2207
=CAT  \\$aADD-NID$b00$c20110805$lBLL01$h1426
=CAT  \\$aWR11_021$c20111124$lBLL01$h1524
=CAT  \\$aWR11_021$c20111124$lBLL01$h1531
=CAT  \\$aNPL-LOCK$b77$c20140207$lBLL01$h2154
=CAT  \\$aNPL-UNLOCK$b00$c20140216$lBLL01$h0849
=FIN  \\$aY
=FMT  \\$a  SE
=LAS  \\$aNPL-UNLOCK$b00$c20140216$lBLL01$h0849
=LEO  \\$aMP35.0000101478
=NID  \\$aNID0000012
=SRC  \\$aNPLv17$bbibmp35.20070831.aa
=TCO  \\$aCLA$bCLA$c008

