=LDR  04128cas a2200949u  4500
=001  013893683
=003  Uk
=005  20201127181242.0
=008  950421d18321882||||||n|||\\\\0\\\||eng\\
=FMT  \\$a  SE
=019  n\$aNLC0001919
=040  \\$aUk$cUk
=082  04$a072.234$222
=245  04$aThe Kentish Observer.
=336  \\$atext$2rdacontent
=337  \\$aunmediated$2rdamedia
=338  \\$avolume$2rdacarrier
=500  \\$aWanting 1839.
=500  \\$a1869 imperfect.
=651  \0$aCanterbury (England)$vNewspapers.
=651  \0$aKent (England)$vNewspapers.
=752  \\$aEngland$bKent$dCanterbury.$2blnpn
=785  00$tKentish Observer and Surrey and Sussex Chronicle$gno. 2618-5339 (23 Nov. 1882-27 June 1908)$w013893684
=866  \0$aNewspapers :no. 1-14, [n.s.] 1-2617 (30 June- 29 Sept., 4 Oct. 1832-16 Nov. 1882)
=883  0\$aLanguage codes assigned by Bayesian analysis of words present in record$d20201028$qUk$c0.9010
=852  41$31809$aBritish Library$bNPL$cEW$jNT94
=852  41$31871$aBritish Library$bNPL$cEW$j507 [1871]
=852  41$31880$aBritish Library$bNPL$cEW$j126 [1880]
=852  41$31889$aBritish Library$bNPL$cEW$j5 [1889]
=852  41$31859$aBritish Library$bNPL$cEW$j646 [1859]
=852  41$31875$aBritish Library$bNPL$cEW$j303 [1875]
=852  41$31875$aBritish Library$bNPL$cEW$j303 [1875]
=852  41$31859$aBritish Library$bNPL$cEW$j646 [1859]
=852  41$31859$aBritish Library$bNPL$cEW$j646 [1859]
=852  41$31859$aBritish Library$bNPL$cEW$j646 [1859]
=852  41$31859$aBritish Library$bNPL$cEW$j646 [1859]
=852  41$31859$aBritish Library$bNPL$cEW$j646 [1859]
=852  41$31859$aBritish Library$bNPL$cEW$j646 [1859]
=852  \\$aBritish Library$bNPL$cEW
=852  \\$aBritish Library$bNPL$cEW
=852  41$31859$aBritish Library$bNPL$cEW$j646 [1859]
=852  \\$aBritish Library$bNPL$cEW
=852  \\$aBritish Library$bNPL$cEW
=852  41$aBritish Library$bNPL$jNEWS shelfmarks - see explore.bl.uk for full holdings
=852  41$aBritish Library$bHMNTS$zMicroform.$jMFM shelfmarks - see explore.bl.uk for full holdings
=852  41$aBritish Library$bNPL$jPENN shelfmarks - see explore.bl.uk for full holdings
=985  \\$aDisaggregated Record: NPL
=985  \\$aUpgraded by BSS-generated file for WR2011-1472
=CAT  \\$aBATCH-NPL$b00$c20070912$lBLL01$h1128
=CAT  \\$aRESET-LEV$b50$c20210902$lBLL01$h2126
=CAT  \\$aRESET-LEV$b50$c20211002$lBLL01$h1725
=CAT  \\$aRESET-LEV$b50$c20211102$lBLL01$h0305
=CAT  \\$aRESET-LEV$b50$c20211202$lBLL01$h2121
=CAT  \\$aRESET-LEV$b50$c20220103$lBLL01$h0032
=CAT  \\$aRESET-LEV$b50$c20220202$lBLL01$h0137
=CAT  \\$aRESET-LEV$b50$c20220302$lBLL01$h0053
=CAT  \\$aRESET-LEV$b50$c20220402$lBLL01$h1725
=CAT  \\$aRESET-LEV$b50$c20220502$lBLL01$h0240
=CAT  \\$aRESET-LEV$b50$c20220602$lBLL01$h2123
=CAT  \\$aRESET-LEV$b50$c20220702$lBLL01$h1727
=CAT  \\$aRESET-LEV$b50$c20220802$lBLL01$h0351
=CAT  \\$aRESET-LEV$b50$c20220902$lBLL01$h2219
=CAT  \\$aRESET-LEV$b50$c20221003$lBLL01$h0412
=CAT  \\$aRESET-LEV$b50$c20221102$lBLL01$h0231
=CAT  \\$aRESET-LEV$b50$c20221202$lBLL01$h2222
=CAT  \\$aRESET-LEV$b50$c20230102$lBLL01$h0257
=CAT  \\$aRESET-LEV$b50$c20230202$lBLL01$h2124
=CAT  \\$aRESET-LEV$b50$c20230302$lBLL01$h2132
=CAT  \\$aRESET-LEV$b50$c20230403$lBLL01$h0239
=CAT  \\$aRESET-LEV$b50$c20230502$lBLL01$h0322
=CAT  \\$aRESET-LEV$b50$c20230602$lBLL01$h2223
=CAT  \\$aRESET-LEV$b50$c20230703$lBLL01$h0505
=CAT  \\$aRESET-LEV$b50$c20230802$lBLL01$h0206
=CAT  \\$aRESET-LEV$b50$c20230902$lBLL01$h1734
=CAT  \\$aRESET-LEV$b50$c20231002$lBLL01$h0438
=FIN  \\$aY
=LEO  \\$aMP35.0000101881
=LKR  \\$aPAR$lBLL01$r78500$nKentish Observer and Surrey and Sussex Chronicle - no. 2618-5339 (23 Nov. 1882-27 June 1908)$b013893684$mThe Kentish Observer. - no. 1-2617 (4 Oct. 1832-16 Nov. 1882)
=NID  \\$aNID0004729
=SRC  \\$aNPLv17$bbibmp35.20070831.aa
=TCO  \\$aZZZ$c008
=LAS  \\$aRESET-LEV$b50$c20231002$lBLL01$h0438

