=LDR  01976 as a2200529u  4500
=001  013893856
=003  Uk
=005  20201127181243.0
=008  950421d19741989||||||n|||\\\\0\\\||eng\\
=019  n\$aNLC0001982
=040  \\$aUk$cUk
=082  04$a072.832$222
=245  00$aBrigg Star.
=336  \\$atext$2rdacontent
=337  \\$aunmediated$2rdamedia
=338  \\$avolume$2rdacarrier
=500  \\$aMicrofilm: 1986-9 (Changed pages only. A variant edition of the Scunthorpe Star.)
=651  \0$aBrigg (England)$vNewspapers.
=651  \0$aHumberside (England)$vNewspapers.
=651  \0$aNorth Lincolnshire (England)$vNewspapers.
=752  \\$aEngland$bHumberside$dBrigg.$2blnpn
=780  00$tLincolnshire Star$gno. 2819-3424 (13 Jan. 1961-29 March 1974)$w013893855
=852  41$31974-1985$aBritish Library$bNPL$jNEWS2651
=852  \\$aBritish Library$bNPL$cEW
=852  41$31986-1989$aBritish Library$bHMNTS$zMicroform.$jMFM.SP630
=866  \0$aNewspapers :no. 3425-5184 (5 April 1974-8 Sept. 1989)
=883  0\$aLanguage codes assigned by Bayesian analysis of words present in record$d20201028$qUk$c0.9010
=985  \\$aDisaggregated Record: NPL
=985  \\$aUpgraded by BSS-generated file for WR2011-1472
=CAT  \\$aBATCH-NPL$b00$c20070912$lBLL01$h1128
=CAT  \\$aBATCH-LINK$b00$c20070915$lBLL01$h0503
=CAT  \\$aBATCH$b00$c20070916$lBLL01$h1744
=CAT  \\$aB-BSS-DEL$b00$c20080331$lBLL01$h1538
=CAT  \\$aNPL-008-N$c20110504$lBLL01$h2208
=CAT  \\$aADD-NID$b00$c20110805$lBLL01$h1426
=CAT  \\$aWR11_021$c20111124$lBLL01$h1524
=CAT  \\$aWR11_021$c20111124$lBLL01$h1531
=CAT  \\$aNPL-LOCK$b77$c20140207$lBLL01$h2155
=CAT  \\$c20140214$lBLL01$h1740
=CAT  \\$aW2011-1472$b00$c20201127$lBLL01$h1812
=FIN  \\$aY
=FMT  \\$a  SE
=LAS  \\$aW2011-1472$b00$c20201127$lBLL01$h1812
=LEO  \\$aMP35.0000101944.6
=NID  \\$aNID0004875
=SRC  \\$aNPLv17$bbibmp35.20070831.aa
=TCO  \\$aZZZ$c008

