=LDR  07335 as a2201321u  4500
=001  013894157
=003  Uk
=005  20201127181245.0
=008  950421d19281984||||||n|||\\\\0\\\||eng\\
=019  n\$aNLC0002116
=040  \\$aUk$cUk
=082  04$a072.296$222
=245  00$aWindsor, Slough & Eton Express, etc.
=336  \\$atext$2rdacontent
=337  \\$aunmediated$2rdamedia
=338  \\$avolume$2rdacarrier
=651  \0$aBerkshire (England)$vNewspapers.
=651  \0$aWindsor (Berkshire, England)$vNewspapers.
=651  \0$aWindsor and Maidenhead (England)$vNewspapers.
=752  \\$aEngland$bBerkshire$dWindsor.$2blnpn
=780  00$tWindsor, Eton & Slough Express, etc.$gno. 5032-6049 (2 Jan. 1909-29 June 1928)$w013894156
=785  00$tWindsor, Slough, Ascot & Eton Express$gno. 8687-8788 (9 March 1984-14 Feb. 1986)$w013894158
=852  41$31919$aBritish Library$bHMNTS$zMicroform.$jMFM.M81170 [1919]
=852  41$31920$aBritish Library$bHMNTS$zMicroform.$jMFM.M81171 [1920]
=852  41$31921$aBritish Library$bHMNTS$zMicroform.$jMFM.M81172 [1921]
=852  41$31922$aBritish Library$bHMNTS$zMicroform.$jMFM.M81173 [1922]
=852  41$31923$aBritish Library$bHMNTS$zMicroform.$jMFM.M81174 [1923]
=852  41$31924$aBritish Library$bHMNTS$zMicroform.$jMFM.M81175 [1924]
=852  41$31925$aBritish Library$bHMNTS$zJan-Jun$zMicroform.$jMFM.M81176 [1925]
=852  41$31925$aBritish Library$bHMNTS$zJan-Jun$zMicroform.$jMFM.M81176 [1925]
=852  41$31925$aBritish Library$bHMNTS$zJul-Dec$zMicroform.$jMFM.M81177 [1925]
=852  41$31926$aBritish Library$bHMNTS$zJan-Jun$zMicroform.$jMFM.M81178 [1926]
=852  41$31926$aBritish Library$bHMNTS$zJul-Dec$zMicroform.$jMFM.M81179 [1926]
=852  41$31927$aBritish Library$bHMNTS$zJan-Jun$zMicroform.$jMFM.M81180 [1927]
=852  41$31927$aBritish Library$bHMNTS$zJul-Dec$zMicroform.$jMFM.M81181 [1927]
=852  41$31928$aBritish Library$bHMNTS$zJan-Jun$zMicroform.$jMFM.M81182 [1928]
=852  \\$aBritish Library$bNPL$cEW
=852  41$31916$aBritish Library$bHMNTS$zMicroform.$jMFM.M81167 [1916]
=852  41$31909$aBritish Library$bHMNTS$zMicroform.$jMFM.M81160 [1909]
=852  41$31910$aBritish Library$bHMNTS$zMicroform.$jMFM.M81161 [1910]
=852  41$31911$aBritish Library$bHMNTS$zMicroform.$jMFM.M81162 [1911]
=852  41$31912$aBritish Library$bHMNTS$zMicroform.$jMFM.M81163 [1912]
=852  41$31913$aBritish Library$bHMNTS$zMicroform.$jMFM.M81164 [1913]
=852  41$31914$aBritish Library$bHMNTS$zMicroform.$jMFM.M81165 [1914]
=852  41$31915$aBritish Library$bHMNTS$zMicroform.$jMFM.M81166 [1915]
=852  41$31917$aBritish Library$bHMNTS$zMicroform.$jMFM.M81168 [1917]
=852  41$31918$aBritish Library$bHMNTS$zMicroform.$jMFM.M81169 [1918]
=852  \\$aBritish Library$bNPL$cEW
=852  41$31909-1928$aBritish Library$bNPL$jNEWS2792
=852  41$31928$aBritish Library$bHMNTS$zJul-Dec$zMicroform.$jMFM.M81183 [1928]
=852  41$31929$aBritish Library$bHMNTS$zJan-Jun$zMicroform.$jMFM.M81184 [1929]
=852  41$31929$aBritish Library$bHMNTS$zJul-Dec$zMicroform.$jMFM.M81185 [1929]
=852  41$31930$aBritish Library$bHMNTS$zJan-Jun$zMicroform.$jMFM.M81186 [1930]
=852  41$31946$aBritish Library$bHMNTS$zMicroform.$jMFM.M81212 [1946]
=852  41$31947$aBritish Library$bHMNTS$zMicroform.$jMFM.M81213 [1947]
=852  41$31948$aBritish Library$bHMNTS$zMicroform.$jMFM.M81214 [1948]
=852  41$31949$aBritish Library$bHMNTS$zMicroform.$jMFM.M81215 [1949]
=852  41$31932$aBritish Library$bHMNTS$zJan-Jun$zMicroform.$jMFM.M81190 [1932]
=852  41$31932$aBritish Library$bHMNTS$zJul-Dec$zMicroform.$jMFM.M81191 [1932]
=852  41$31933$aBritish Library$bHMNTS$zJan-Jun$zMicroform.$jMFM.M81192 [1933]
=852  41$31933$aBritish Library$bHMNTS$zJul-Dec$zMicroform.$jMFM.M81193 [1933]
=852  41$31934$aBritish Library$bHMNTS$zJan-Jun$zMicroform.$jMFM.M81194 [1934]
=852  41$31934$aBritish Library$bHMNTS$zJul-Dec$zMicroform.$jMFM.M81195 [1934]
=852  41$31935$aBritish Library$bHMNTS$zJan-Jun$zMicroform.$jMFM.M81196 [1935]
=852  41$31935$aBritish Library$bHMNTS$zJul-Dec$zMicroform.$jMFM.M81197 [1935]
=852  41$31936$aBritish Library$bHMNTS$zJan-Dec$zMicroform.$jMFM.M81198 [1936]
=852  41$31936$aBritish Library$bHMNTS$zJul-Dec$zMicroform.$jMFM.M81199 [1936]
=852  41$31937$aBritish Library$bHMNTS$zJan-Jun$zMicroform.$jMFM.M81200 [1937]
=852  41$31937$aBritish Library$bHMNTS$zJul-Dec$zMicroform.$jMFM.M81201 [1937]
=852  41$31938$aBritish Library$bHMNTS$zJan-Dec$zMicroform.$jMFM.M81202 [1938]
=852  41$31938$aBritish Library$bHMNTS$zJul-Dec$zMicroform.$jMFM.M81203 [1938]
=852  41$31939$aBritish Library$bHMNTS$zJan-Jun$zMicroform.$jMFM.M81204 [1939]
=852  41$31939$aBritish Library$bHMNTS$zJul-Dec$zMicroform.$jMFM.M81205 [1939]
=852  41$31928-1984$aBritish Library$bNPL$jNEWS2793
=852  41$31983$aBritish Library$bHMNTS$zMicroform.$jMFM.M16633-5
=852  41$31982$aBritish Library$bHMNTS$zSep - Dec$zMicroform.$jMFM.M16632 [1982]
=852  41$31984$aBritish Library$bHMNTS$zMicroform.$jMFM.M29236 [1984]
=852  41$31930$aBritish Library$bHMNTS$zJul-Dec$zMicroform.$jMFM.M81187 [1930]
=852  41$31931$aBritish Library$bHMNTS$zJan-Jun$zMicroform.$jMFM.M81188 [1931]
=852  41$31931$aBritish Library$bHMNTS$zJul-Dec$zMicroform.$jMFM.M81189 [1931]
=852  41$31940$aBritish Library$bHMNTS$zMicroform.$jMFM.M81206 [1940]
=852  41$31942$aBritish Library$bHMNTS$zMicroform.$jMFM.M81208 [1942]
=852  41$31941$aBritish Library$bHMNTS$zMicroform.$jMFM.M81207 [1941]
=852  41$31943$aBritish Library$bHMNTS$zMicroform.$jMFM.M81209 [1943]
=852  41$31944$aBritish Library$bHMNTS$zMicroform.$jMFM.M81210 [1944]
=852  41$31945$aBritish Library$bHMNTS$zMicroform.$jMFM.M81211 [1945]
=866  \0$aNewspapers :no. 6050-8686 (6 July 1928-2 March 1984)
=883  0\$aLanguage codes assigned by Bayesian analysis of words present in record$d20201028$qUk$c0.9010
=985  \\$aDisaggregated Record: NPL
=985  \\$aUpgraded by BSS-generated file for WR2011-1472
=CAT  \\$aBATCH-NPL$b00$c20070912$lBLL01$h1128
=CAT  \\$aBATCH-LINK$b00$c20070915$lBLL01$h0503
=CAT  \\$aBATCH-LINK$b00$c20070915$lBLL01$h0510
=CAT  \\$aBATCH-LINK$b00$c20070915$lBLL01$h0520
=CAT  \\$aBATCH$b00$c20070916$lBLL01$h1744
=CAT  \\$aB-BSS-DEL$b00$c20080331$lBLL01$h1539
=CAT  \\$aNPL-008-N$c20110504$lBLL01$h2208
=CAT  \\$aADD-NID$b00$c20110805$lBLL01$h1426
=CAT  \\$aWR11_021$c20111124$lBLL01$h1524
=CAT  \\$aWR11_021$c20111124$lBLL01$h1531
=CAT  \\$aNPL-LOCK$b77$c20140207$lBLL01$h2155
=CAT  \\$c20140214$lBLL01$h1740
=CAT  \\$aNSB-MIG$b50$c20140215$lBLL01$h0145
=CAT  \\$aW2011-1472$b00$c20201127$lBLL01$h1812
=CAT  \\$aRESET-LEV$b50$c20201127$lBLL01$h2237
=FIN  \\$aY
=FMT  \\$a  SE
=LAS  \\$aRESET-LEV$b50$c20201127$lBLL01$h2237
=LEO  \\$aMP35.0000102076.2
=LKR  \\$aPAR$lBLL01$r78500$nWindsor, Slough, Ascot & Eton Express - no. 8687-8788 (9 March 1984-14 Feb. 1986)$b013894158$mWindsor, Slough & Eton Express, etc. - no. 6050-8686 (6 July 1928-2 March 1984)
=NID  \\$aNID0005124
=SRC  \\$aNPLv17$bbibmp35.20070831.aa
=TCO  \\$aZZZ$c008

