=LDR  03209cas a2200745u  4500
=001  013895901
=003  Uk
=005  20200429170621.0
=008  950421d18631890||||||n|||\\\\0\\\||eng\\
=FMT  \\$a  SE
=019  n\$aNLC0004155
=040  \\$aUk$cUk
=082  04$a072.763$222
=245  04$aThe Bacup & Rossendale News, etc.
=336  \\$atext$2rdacontent
=337  \\$aunmediated$2rdamedia
=338  \\$avolume$2rdacarrier
=651  \0$aBacup (England)$vNewspapers.
=651  \0$aLancashire (England)$vNewspapers.
=752  \\$aEngland$bLancashire$dBacup.$2blnpn
=785  00$tRossendale Division Gazette$gno.1422-2019 (28 Feb.1890-29 June 1901)$w013895902
=866  \0$aNewspapers :no.1-19,190-1421 (23 May-26 Sept.1863; 5 Jan.1867-21 Feb. 1890)
=852  41$31864$aBritish Library$bNPL$cEW$j1772 [1864]
=852  41$31879$aBritish Library$bNPL$cEW$j246 [1879]
=852  41$31871$aBritish Library$bNPL$cEW$j365 [1871]
=852  41$31897$aBritish Library$bNPL$cEW$j599 [1897]
=852  \\$aBritish Library$bNPL$cEW
=852  41$aBritish Library$bNPL$jNEWS shelfmarks - see explore.bl.uk for full holdings
=852  41$aBritish Library$bHMNTS$zMicroform.$jMFM shelfmarks - see explore.bl.uk for full holdings
=852  41$aBritish Library$bNPL$jPENN shelfmarks - see explore.bl.uk for full holdings
=985  \\$aUpgraded by BSS-generated file for WR1910-0531
=CAT  \\$aBATCH-NPL$b00$c20070912$lBLL01$h1130
=CAT  \\$aRESET-LEV$b50$c20210902$lBLL01$h2126
=CAT  \\$aRESET-LEV$b50$c20211002$lBLL01$h1726
=CAT  \\$aRESET-LEV$b50$c20211102$lBLL01$h0305
=CAT  \\$aRESET-LEV$b50$c20211202$lBLL01$h2122
=CAT  \\$aRESET-LEV$b50$c20220103$lBLL01$h0032
=CAT  \\$aRESET-LEV$b50$c20220202$lBLL01$h0137
=CAT  \\$aRESET-LEV$b50$c20220302$lBLL01$h0054
=CAT  \\$aRESET-LEV$b50$c20220402$lBLL01$h1725
=CAT  \\$aRESET-LEV$b50$c20220502$lBLL01$h0240
=CAT  \\$aRESET-LEV$b50$c20220602$lBLL01$h2124
=CAT  \\$aRESET-LEV$b50$c20220702$lBLL01$h1727
=CAT  \\$aRESET-LEV$b50$c20220802$lBLL01$h0351
=CAT  \\$aRESET-LEV$b50$c20220902$lBLL01$h2219
=CAT  \\$aRESET-LEV$b50$c20221003$lBLL01$h0412
=CAT  \\$aRESET-LEV$b50$c20221102$lBLL01$h0231
=CAT  \\$aRESET-LEV$b50$c20221202$lBLL01$h2223
=CAT  \\$aRESET-LEV$b50$c20230102$lBLL01$h0258
=CAT  \\$aRESET-LEV$b50$c20230202$lBLL01$h2125
=CAT  \\$aRESET-LEV$b50$c20230302$lBLL01$h2133
=CAT  \\$aRESET-LEV$b50$c20230403$lBLL01$h0239
=CAT  \\$aRESET-LEV$b50$c20230502$lBLL01$h0322
=CAT  \\$aRESET-LEV$b50$c20230602$lBLL01$h2224
=CAT  \\$aRESET-LEV$b50$c20230703$lBLL01$h0505
=CAT  \\$aRESET-LEV$b50$c20230802$lBLL01$h0207
=CAT  \\$aRESET-LEV$b50$c20230902$lBLL01$h1736
=CAT  \\$aRESET-LEV$b50$c20231002$lBLL01$h0439
=FIN  \\$aY
=LEO  \\$aMP35.0000104063
=LKR  \\$aPAR$lBLL01$r78500$nRossendale Division Gazette - no.1422-2019 (28 Feb.1890-29 June 1901)$b013895902$mThe Bacup & Rossendale News, etc. - no.1-19,190-1421 (23 May-26 Sept.1863; 5 Jan.1867-21 Feb.1890)
=NID  \\$aNID0006517
=SRC  \\$aNPLv17$bbibmp35.20070831.aa
=TCO  \\$aZZZ$c008
=LAS  \\$aRESET-LEV$b50$c20231002$lBLL01$h0439

