=LDR  03143aas a2200745   4500
=001  013895937
=003  Uk
=005  20111128153912.0
=007  t|
=008  950421d18911969wlkwr\ne\\\\\\0\\\a0wel\\
=019  n\$aNLC0004182
=040  \\$aUk$beng$cUk$dUk
=041  0\$awel$aeng
=042  \\$aukblsr
=082  04$a072.92925$222
=245  02$aY clorianydd :$bnewyddiadur wythnosol undebwyr mon ac arfon.
=260  \\$aLlangefni :$bY Clorianydd,$c1891-1969.
=300  \\$av. :$bill., ports.
=310  \\$aWeekly
=336  \\$atext$2rdacontent
=337  \\$aunmediated$2rdamedia
=338  \\$avolume$2rdacarrier
=362  1\$aBegan in 1891; ceased in 1969.
=533  \\$aMicrofilm.$bLondon :$cBritish Library.$e35 mm.$m1897; 1899-1904; 1909-1950.
=533  \\$aMicrofilm.$bLondon :$cBritish Library,$d2004.$e35 mm.$mIon. 5, 1911-Rhag. 24, 1912.$nProduced by Newsplan 2000 project from originals held by the National Library of Wales.
=546  \\$aText primarily in Welsh, with some English.
=588  \\$aDescription based on: Cyf. 21, rhif 1091 (Ion. 5, 1911).
=588  \\$aLatest issue consulted: Cyf. 22, rhif 1193 (Rhag. 24, 1912).
=651  \0$aGwynedd (Wales)$vNewspapers.
=651  \0$aWales$vNewspapers.
=752  \\$aWales$bGwynedd$dLLangefni.$2blnpn
=852  \\$aBritish Library$bNPL$cEW
=852  41$31936$aBritish Library$bNPL$j70 [1936]
=852  41$31894$aBritish Library$bNPL$cIRL$j91 [1894]
=852  41$31892$aBritish Library$bNPL$cIRL$j20 [1892]
=852  41$31893$aBritish Library$bNPL$cIRL$j49 [1893]
=852  41$31895$aBritish Library$bNPL$cIRL$j84 [1895]
=852  41$31896$aBritish Library$bNPL$cIRL$j25 [1896]
=852  41$aBritish Library$bNPL$jNEWS shelfmarks - see explore.bl.uk for full holdings
=852  41$aBritish Library$bHMNTS$zMicroform.$jMFM shelfmarks - see explore.bl.uk for full holdings
=866  \0$aNewspapers :Rhif 1, etc. (13 Aug. 1891-30 April 1969). This record has holdings for both print and microfilm versions. Print issues are not available for conservation reasons where an alternative format exists.
=CAT  \\$aBATCH-NPL$b00$c20070912$lBLL01$h1130
=CAT  \\$aBATCH$b00$c20070916$lBLL01$h1747
=CAT  \\$aB-BSS-DEL$b00$c20080331$lBLL01$h1539
=CAT  \\$aNPL-008-N$c20110504$lBLL01$h2210
=CAT  \\$aADD-NID$b00$c20110805$lBLL01$h1426
=CAT  \\$aWR11_021$c20111124$lBLL01$h1524
=CAT  \\$aWR11_021$c20111124$lBLL01$h1531
=CAT  \\$a11205$b40$c20111128$lBLL01$h1539
=CAT  \\$aNPL-LOCK$b77$c20140207$lBLL01$h2156
=CAT  \\$c20140214$lBLL01$h1740
=CAT  \\$aNSB-MIG$b50$c20140215$lBLL01$h0144
=CAT  \\$aNSB-MIG$b50$c20140215$lBLL01$h0145
=CAT  \\$aNSB-MIG$b50$c20140215$lBLL01$h0146
=CAT  \\$aNSB-MIG$b50$c20140215$lBLL01$h0154
=CAT  \\$aNSB-MIG$b50$c20140215$lBLL01$h0155
=CAT  \\$aNSB-MIG$b50$c20140215$lBLL01$h0203
=CAT  \\$aRESET-LEV$b50$c20140302$lBLL01$h2340
=FIN  \\$aY
=FMT  \\$a  SE
=LAS  \\$aRESET-LEV$b50$c20140302$lBLL01$h2340
=LEO  \\$aMP35.0000104090
=NID  \\$aNID0006550
=SRC  \\$aNPLv17$bbibmp35.20070831.aa
=TCO  \\$aZZZ$c008

