=LDR  02731cas a2200697u  4500
=001  013896015
=003  Uk
=005  20201127181257.0
=008  950421d18551910||||||n|||\\\\0\\\||eng\\
=FMT  \\$a  SE
=019  n\$aNLC0004242
=040  \\$aUk$cUk
=082  04$a072.352$222
=245  04$aThe North Devon Advertiser.
=336  \\$atext$2rdacontent
=337  \\$aunmediated$2rdamedia
=338  \\$avolume$2rdacarrier
=500  \\$aWanting 1896,1897.
=500  \\$aMicrofilm: 1888.
=651  \0$aBarnstaple (England)$vNewspapers.
=651  \0$aDevon (England)$vNewspapers.
=752  \\$aEngland$bDevon$dBarnstaple.$2blnpn
=780  00$tBarnstaple & Bideford Times and North Devon Advertiser$gvol.1.no,16-25 (12 Oct.-17 Dec.1855)$w013896014
=866  \0$aNewspapers :vol.1.no.26, etc (28 Dec.1855-30 Dec.1910)
=883  0\$aLanguage codes assigned by Bayesian analysis of words present in record$d20201028$qUk$c0.9010
=852  41$31900$aBritish Library$bNPL$cEW$j1185 [1900]
=852  41$31871$aBritish Library$bNPL$cEW$j494 [1871]
=852  41$31889$aBritish Library$bNPL$cEW$j1232 [1889]
=852  41$aBritish Library$bNPL$jNEWS shelfmarks - see explore.bl.uk for full holdings
=852  41$aBritish Library$bHMNTS$zMicroform$jMFM shelfmarks - see explore.bl.uk for full holdings
=852  \\$aBritish Library$bNPL$cEW
=985  \\$aDisaggregated Record: NPL
=985  \\$aUpgraded by BSS-generated file for WR2011-1472
=CAT  \\$aBATCH-NPL$b00$c20070912$lBLL01$h1130
=CAT  \\$aBATCH-LINK$b00$c20070915$lBLL01$h0504
=CAT  \\$aBATCH$b00$c20070916$lBLL01$h1747
=CAT  \\$aB-BSS-DEL$b00$c20080331$lBLL01$h1539
=CAT  \\$aNPL-008-N$c20110504$lBLL01$h2210
=CAT  \\$aADD-NID$b00$c20110805$lBLL01$h1426
=CAT  \\$aWR11_021$c20111124$lBLL01$h1524
=CAT  \\$aWR11_021$c20111124$lBLL01$h1531
=CAT  \\$aNPL-LOCK$b77$c20140207$lBLL01$h2156
=CAT  \\$c20140214$lBLL01$h1740
=CAT  \\$aNSB-MIG$b50$c20140215$lBLL01$h0149
=CAT  \\$aNSB-MIG$b50$c20140215$lBLL01$h0151
=CAT  \\$aNSB-MIG$b50$c20140215$lBLL01$h0153
=CAT  \\$aNSB-MIG$b50$c20140215$lBLL01$h0154
=CAT  \\$aNSB-MIG$b50$c20140215$lBLL01$h0155
=CAT  \\$aNSB-MIG$b50$c20140215$lBLL01$h0156
=CAT  \\$aNSB-MIG$b50$c20140215$lBLL01$h0157
=CAT  \\$aNSB-MIG$b50$c20140215$lBLL01$h0158
=CAT  \\$aRESET-LEV$b50$c20140302$lBLL01$h2340
=CAT  \\$c20140411$lBLL01$h1325
=CAT  \\$aW2011-1472$b00$c20201127$lBLL01$h1812
=CAT  \\$aRESET-LEV$b50$c20201127$lBLL01$h2238
=FIN  \\$aY
=LEO  \\$aMP35.0000104149.2
=NID  \\$aNID0006625
=SRC  \\$aNPLv17$bbibmp35.20070831.aa
=TCO  \\$aZZZ$c008
=LAS  \\$aRESET-LEV$b50$c20201127$lBLL01$h2238

