=LDR  07991 as a22015137a 4500
=001  013896332
=003  Uk
=005  20101115082843.0
=008  950421d18551875enk||\n\\\\\\\0\\\a0eng\\
=019  n\$aNLC0004563
=040  \\$aUk$cUk$dUk
=082  04$a072.398$222
=245  00$aBath express & literary observer.
=336  \\$atext$2rdacontent
=337  \\$aunmediated$2rdamedia
=338  \\$avolume$2rdacarrier
=651  \0$aAvon (England)$vNewspapers.
=651  \0$aBath (England)$vNewspapers.
=752  \\$aEngland$bAvon$dBath.$2blnpn
=785  00$tBath herald
=852  41$31860$aBritish Library$bHMNTS$zMicroform.$jMFM.M27628 [1860]
=852  41$31864$aBritish Library$bHMNTS$zMicroform.$jMFM.M5686 [1864]
=852  41$31869$aBritish Library$bHMNTS$zMicroform.$jMFM.M78773 [1869]
=852  41$31877$aBritish Library$bHMNTS$zMicroform.$jMFM.M33738 [1877]
=852  41$31878$aBritish Library$bHMNTS$zMicroform.$jMFM.M36699 [1878]
=852  41$31879$aBritish Library$bHMNTS$zMicroform.$jMFM.M36498 [1879]
=852  41$31889$aBritish Library$bHMNTS$zMicroform.$jMFM.M29737 [1889]
=852  41$31893$aBritish Library$bHMNTS$zMicroform.$jMFM.M36021 [1893]
=852  41$31897$aBritish Library$bHMNTS$zMicroform.$jMFM.M1758 [1897]
=852  41$31864$aBritish Library$bNPL$cEW$j1772 [1864]
=852  41$31858-1933$aBritish Library$bNPL$jNEWS776
=852  41$31870$aBritish Library$bHMNTS$zMicroform.$jMFM.M78774 [1870]
=852  41$31871$aBritish Library$bHMNTS$zMicroform.$jMFM.M78775 [1871]
=852  41$31868$aBritish Library$bNPL$cEW$jM78772
=852  41$31867$aBritish Library$bNPL$cEW$jM78771
=852  41$31866$aBritish Library$bNPL$cEW$jM78770
=852  41$31872$aBritish Library$bHMNTS$zMicroform.$jMFM.M78776 [1872]
=852  41$31858$aBritish Library$bHMNTS$zMicroform.$jMFM.M30023 [1858]
=852  41$31859$aBritish Library$bHMNTS$zMicroform.$jMFM.M30023 [1859]
=852  41$31861$aBritish Library$bHMNTS$zMicroform.$jMFM.M30024 [1861]
=852  41$31862$aBritish Library$bHMNTS$zMicroform.$jMFM.M30025 [1862]
=852  41$31863$aBritish Library$bHMNTS$zMicroform.$jMFM.M30025 [1863]
=852  41$31865$aBritish Library$bHMNTS$zMicroform.$jMFM.M5686 [1865]
=852  41$31883$aBritish Library$bHMNTS$zMicroform.$jMFM.M78784 [1883]
=852  41$31884$aBritish Library$bHMNTS$zMicroform.$jMFM.M78785 [1884]
=852  41$31885$aBritish Library$bHMNTS$zMicroform.$jMFM.M78786 [1885]
=852  41$31873$aBritish Library$bHMNTS$zMicroform.$jMFM.M78777 [1873]
=852  41$31874$aBritish Library$bHMNTS$zMicroform.$jMFM.M78778 [1874]
=852  41$31875$aBritish Library$bHMNTS$zMicroform.$jMFM.M78779 [1875]
=852  41$31876$aBritish Library$bHMNTS$zMicroform.$jMFM.M78780 [1876]
=852  41$31880$aBritish Library$bHMNTS$zMicroform.$jMFM.M78781 [1880]
=852  41$31881$aBritish Library$bHMNTS$zMicroform.$jMFM.M78782 [1881]
=852  41$31882$aBritish Library$bHMNTS$zMicroform.$jMFM.M78783 [1882]
=852  41$31886$aBritish Library$bHMNTS$zMicroform.$jMFM.M78787 [1886]
=852  41$31887$aBritish Library$bHMNTS$zMicroform.$jMFM.M78788 [1887]
=852  41$31888$aBritish Library$bHMNTS$zMicroform.$jMFM.M78789 [1888]
=852  41$31891$aBritish Library$bHMNTS$zMicroform.$jMFM.M78790 [1891]
=852  41$31892$aBritish Library$bHMNTS$zMicroform.$jMFM.M78791 [1892]
=852  41$31894$aBritish Library$bHMNTS$zMicroform.$jMFM.M78792 [1894]
=852  41$31895$aBritish Library$bHMNTS$zMicroform.$jMFM.M78793 [1895]
=852  41$31896$aBritish Library$bHMNTS$zMicroform.$jMFM.M78794 [1896]
=852  41$31898$aBritish Library$bHMNTS$zMicroform.$jMFM.M78795 [1898]
=852  41$31899$aBritish Library$bHMNTS$zMicroform.$jMFM.M78796 [1899]
=852  41$31900$aBritish Library$bHMNTS$zMicroform.$jMFM.M78797 [1900]
=852  41$31901$aBritish Library$bHMNTS$zMicroform.$jMFM.M78798 [1901]
=852  41$31902$aBritish Library$bHMNTS$zMicroform.$jMFM.M78799 [1902]
=852  41$31903$aBritish Library$bHMNTS$zMicroform.$jMFM.M78800 [1903]
=852  41$31904$aBritish Library$bHMNTS$zMicroform.$jMFM.M78801 [1904]
=852  41$31905$aBritish Library$bHMNTS$zMicroform.$jMFM.M78802 [1905]
=852  41$31906$aBritish Library$bHMNTS$zMicroform.$jMFM.M78803 [1906]
=852  41$31907$aBritish Library$bHMNTS$zMicroform.$jMFM.M78804 [1907]
=852  41$31908$aBritish Library$bHMNTS$zMicroform.$jMFM.M78805 [1908]
=852  41$31909$aBritish Library$bHMNTS$zMicroform.$jMFM.M78806 [1909]
=852  41$31910$aBritish Library$bHMNTS$zMicroform.$jMFM.M78807 [1910]
=852  41$31911$aBritish Library$bHMNTS$zMicroform.$jMFM.M78808 [1911]
=852  41$31912$aBritish Library$bHMNTS$zMicroform.$jMFM.M78809 [1912]
=852  41$31913$aBritish Library$bHMNTS$zMicroform.$jMFM.M78810 [1913]
=852  41$31914$aBritish Library$bHMNTS$zMicroform.$jMFM.M78811 [1914]
=852  41$31915$aBritish Library$bHMNTS$zMicroform.$jMFM.M78812 [1915]
=852  41$31916$aBritish Library$bHMNTS$zMicroform.$jMFM.M78813 [1916]
=852  41$31917$aBritish Library$bHMNTS$zMicroform.$jMFM.M78814 [1917]
=852  41$31918$aBritish Library$bHMNTS$zMicroform.$jMFM.M78815 [1918]
=852  41$31919$aBritish Library$bHMNTS$zMicroform.$jMFM.M78816 [1919]
=852  41$31920$aBritish Library$bHMNTS$zMicroform.$jMFM.M78817 [1920]
=852  41$31855-1875$aBritish Library$bNPL$jNEWS3889
=852  41$31856$aBritish Library$bHMNTS$zMicroform.$jMFM.M91426-27
=852  \\$aBritish Library$bNPL$cEW
=852  41$31855$aBritish Library$bHMNTS$z6 Oct-29 Dec 1855$zMicroform.$jMFM.M91425 [1855]
=852  41$31857$aBritish Library$bHMNTS$zMicroform.$jMFM.M91428 [1857]
=852  41$31858$aBritish Library$bHMNTS$zMicroform.$jMFM.M91429 [1858]
=852  41$31860$aBritish Library$bHMNTS$zMicroform.$jMFM.M91430 [1860]
=852  41$31861$aBritish Library$bHMNTS$zMicroform.$jMFM.M91431 [1861]
=852  41$31862$aBritish Library$bHMNTS$zMicroform.$jMFM.M91432 [1862]
=852  41$31863$aBritish Library$bHMNTS$zMicroform.$jMFM.M91433 [1863]
=852  41$31864$aBritish Library$bHMNTS$zMicroform.$jMFM.M91434 [1864]
=852  41$31865$aBritish Library$bHMNTS$zMicroform.$jMFM.M91435 [1865]
=852  41$31866$aBritish Library$bHMNTS$zMicroform.$jMFM.M91436 [1866]
=852  41$31867$aBritish Library$bHMNTS$zMicroform.$jMFM.M91437 [1867]
=852  41$31868$aBritish Library$bHMNTS$zMicroform.$jMFM.M91438 [1868]
=852  41$31869$aBritish Library$bHMNTS$zMicroform.$jMFM.M91439 [1869]
=852  41$31871$aBritish Library$bHMNTS$zMicroform.$jMFM.M91440 [1871]
=852  41$31872$aBritish Library$bHMNTS$zMicroform.$jMFM.M91441 [1872]
=852  41$31873$aBritish Library$bHMNTS$zMicroform.$jMFM.M91442 [1873]
=852  41$31874$aBritish Library$bHMNTS$zMicroform.$jMFM.M91443 [1874]
=852  41$31875$aBritish Library$bHMNTS$zMicroform.$jMFM.M91444 [1875]
=852  41$31859$aBritish Library$bHMNTS$zMicroform.$jMFM.M30743 [1859]
=852  41$31870$aBritish Library$bHMNTS$zMicroform.$jMFM.M23069 [1870]
=866  \0$aNewspapers :no.1-4364 (6 Oct.1855-25 Dec.1875)
=985  \\$aDisaggregated Record: NPL
=CAT  \\$aBATCH-NPL$b00$c20070912$lBLL01$h1130
=CAT  \\$aBATCH-LINK$b00$c20070915$lBLL01$h0511
=CAT  \\$aBATCH-LINK$b00$c20070915$lBLL01$h0520
=CAT  \\$aBATCH$b00$c20070916$lBLL01$h1747
=CAT  \\$aB-BSS-DEL$b00$c20080331$lBLL01$h1539
=CAT  \\$a6537$b40$c20101115$lBLL01$h0828
=CAT  \\$aNPL-008-N$c20110504$lBLL01$h2210
=CAT  \\$aADD-NID$b00$c20110805$lBLL01$h1426
=CAT  \\$aWR11_021$c20111124$lBLL01$h1524
=CAT  \\$aWR11_021$c20111124$lBLL01$h1532
=CAT  \\$aNPL-LOCK$b77$c20140207$lBLL01$h2156
=CAT  \\$c20140214$lBLL01$h1740
=CAT  \\$aNSB-MIG$b50$c20140215$lBLL01$h0151
=FIN  \\$aY
=FMT  \\$a  SE
=LAS  \\$aNSB-MIG$b50$c20140215$lBLL01$h0151
=LEO  \\$aMP35.0000104459
=NID  \\$aNID0006889
=SRC  \\$aNPLv17$bbibmp35.20070831.aa
=TCO  \\$aCLA$bCLA$c008

