=LDR  02619 as a2200637u  4500
=001  013896388
=003  Uk
=005  20200417183454.0
=008  950421d18001862||||||n|||\\\\0\\\||eng\\
=019  n\$aNLC0004606
=040  \\$aUk$cUk
=082  04$a072.398$222
=245  04$aThe Bath Herald.
=336  \\$atext$2rdacontent
=337  \\$aunmediated$2rdamedia
=338  \\$avolume$2rdacarrier
=500  \\$aIncorporated with "The Bath Express". .
=500  \\$aImperfect.
=500  \\$aMicrofilm only: 1792-1800. (Except 10, 17 March, 7, 14 April, 26 May 1792 which are also held in the original; and 3 Aug. 1793 and 21 Jan. 1797 which are in the Burney Collection at St Pancras).
=651  \0$aAvon (England)$vNewspapers.
=651  \0$aBath (England)$vNewspapers.
=752  \\$aEngland$bAvon$dBath.$2blnpn
=780  00$tBath Herald and Register$gno.84-410 (5 Oct.1793-28 Dec.1799)$w013896387
=852  41$31809$aBritish Library$bNPL$cEW$jNT94
=852  \\$aBritish Library$bNPL$cEW
=852  \\$aBritish Library$bNPL$cEW
=852  41$aBritish Library$bNPL$jNEWS shelfmarks - see explore.bl.uk for full holdings
=852  41$aBritish Library$bHMNTS$zBound With 1827.$zMicroform.$jMFM shelfmarks - see explore.bl.uk for full holdings
=852  41$aBritish Library$bNPL$zBound With 1827. 1825$jPENN shelfmarks - see explore.bl.uk for full holdings
=866  \0$aNewspapers :no.411-462,1704-3632 (4 Jan.-27 Dec.1800, 1 Jan.1825- 16 April 1862)
=985  \\$aUpgraded by BSS-generated file for WR1910-0531
=CAT  \\$aBATCH-NPL$b00$c20070912$lBLL01$h1130
=CAT  \\$aBATCH-LINK$b00$c20070915$lBLL01$h0504
=CAT  \\$aBATCH$b00$c20070916$lBLL01$h1747
=CAT  \\$aB-BSS-DEL$b00$c20080331$lBLL01$h1539
=CAT  \\$aNPL-008-N$c20110504$lBLL01$h2210
=CAT  \\$aADD-NID$b00$c20110805$lBLL01$h1426
=CAT  \\$aWR11_021$c20111124$lBLL01$h1524
=CAT  \\$aWR11_021$c20111124$lBLL01$h1532
=CAT  \\$aNPL-LOCK$b77$c20140207$lBLL01$h2156
=CAT  \\$c20140214$lBLL01$h1740
=CAT  \\$aNSB-MIG$b50$c20140215$lBLL01$h0156
=CAT  \\$aNSB-MIG$b50$c20140215$lBLL01$h0157
=CAT  \\$aNSB-MIG$b50$c20140215$lBLL01$h0158
=CAT  \\$aNSB-MIG$b50$c20140215$lBLL01$h0204
=CAT  \\$aRESET-LEV$b50$c20140302$lBLL01$h2340
=CAT  \\$c20140411$lBLL01$h1325
=CAT  \\$aW1910-0531$b00$c20200417$lBLL01$h1834
=CAT  \\$aRESET-LEV$b50$c20200417$lBLL01$h2238
=FIN  \\$aY
=FMT  \\$a  SE
=LAS  \\$aRESET-LEV$b50$c20200417$lBLL01$h2238
=LEO  \\$aMP35.0000104501.3
=NID  \\$aNID0006932
=SRC  \\$aNPLv17$bbibmp35.20070831.aa
=TCO  \\$aZZZ$c008

