=LDR  02366 as a2200589u  4500
=001  013896420
=003  Uk
=005  20200417183454.0
=008  950421d18571867||||||n|||\\\\0\\\||eng\\
=019  n\$aNLC0004634
=040  \\$aUk$cUk
=082  04$a072.92921$222
=245  04$aThe Beaumaris Visitor :$bA special edition of the Carnarvon and Denbigh Herald.
=336  \\$atext$2rdacontent
=337  \\$aunmediated$2rdamedia
=338  \\$avolume$2rdacarrier
=500  \\$aPublished from July to September only.
=651  \0$aAnglesey (Wales)$vNewspapers.
=651  \0$aBeaumaris (Wales)$vNewspapers.
=752  \\$aWales$bGwynedd$dBeaumaris.$2blnpn
=852  41$31888$aBritish Library$bNPL$cEW$j1158 [1888]
=852  41$31898$aBritish Library$bNPL$cEW$j1776 [1898]
=852  \\$aBritish Library$bNPL$cEW
=852  41$aBritish Library$bNPL$jNEWS shelfmarks - see explore.bl.uk for full holdings
=852  41$aBritish Library$bHMNTS$zMicroform.$jMFM shelfmarks - see explore.bl.uk for full holdings
=852  41$aBritish Library$bNPL$jPENN shelfmarks - see explore.bl.uk for full holdings
=866  \0$aNewspapers :vol.1.no.1, etc (7 July-22 Sept.1857; 6 July- 28 Sept.1858; 11 July-26 Sept.1863; 2 July-24 Sept.1864; 10 July 1865; 9 July-24 Sept.1867)
=985  \\$aUpgraded by BSS-generated file for WR1910-0531
=CAT  \\$aBATCH-NPL$b00$c20070912$lBLL01$h1130
=CAT  \\$aBATCH$b00$c20070916$lBLL01$h1747
=CAT  \\$aB-BSS-DEL$b00$c20080331$lBLL01$h1539
=CAT  \\$aNPL-008-N$c20110504$lBLL01$h2210
=CAT  \\$aADD-NID$b00$c20110805$lBLL01$h1426
=CAT  \\$aWR11_021$c20111124$lBLL01$h1524
=CAT  \\$aWR11_021$c20111124$lBLL01$h1532
=CAT  \\$aNPL-LOCK$b77$c20140207$lBLL01$h2156
=CAT  \\$c20140214$lBLL01$h1740
=CAT  \\$aNSB-MIG$b50$c20140215$lBLL01$h0155
=CAT  \\$aNSB-MIG$b50$c20140215$lBLL01$h0156
=CAT  \\$aNSB-MIG$b50$c20140215$lBLL01$h0157
=CAT  \\$aNSB-MIG$b50$c20140215$lBLL01$h0158
=CAT  \\$aRESET-LEV$b50$c20140302$lBLL01$h2340
=CAT  \\$c20140411$lBLL01$h1325
=CAT  \\$aW1910-0531$b00$c20200417$lBLL01$h1834
=CAT  \\$aRESET-LEV$b50$c20200417$lBLL01$h2238
=FIN  \\$aY
=FMT  \\$a  SE
=LAS  \\$aRESET-LEV$b50$c20200417$lBLL01$h2238
=LEO  \\$aMP35.0000104529
=NID  \\$aNID0006959
=SRC  \\$aNPLv17$bbibmp35.20070831.aa
=TCO  \\$aZZZ$c008

