=LDR  02796 as a2200721u  4500
=001  013896456
=003  Uk
=005  20200417183454.0
=008  950421d18201895||||||n|||\\\\0\\\||eng\\
=019  n\$aNLC0004660
=040  \\$aUk$cUk
=082  04$a072.398$222
=245  04$aThe Bath and Cheltenham Gazette, etc.
=336  \\$atext$2rdacontent
=337  \\$aunmediated$2rdamedia
=338  \\$avolume$2rdacarrier
=651  \0$aAvon (England)$vNewspapers.
=651  \0$aBath (England)$vNewspapers.
=752  \\$aEngland$bAvon$dBath.$2blnpn
=852  \\$aBritish Library$bNPL$cEW
=852  \\$aBritish Library$bNPL$cEW
=852  41$31897$aBritish Library$bNPL$cEW$j55 [1897]
=852  41$31896$aBritish Library$bNPL$cEW$j880 [1896]
=852  41$31897$aBritish Library$bNPL$cEW$j599 [1897]
=852  41$31871$aBritish Library$bNPL$cEW$j494 [1871]
=852  41$31871$aBritish Library$bNPL$cEW$j365 [1871]
=852  41$aBritish Library$bNPL$jNEWS shelfmarks - see explore.bl.uk for full holdings
=852  41$aBritish Library$bHMNTS$zMicroform.$jMFM shelfmarks - see explore.bl.uk for full holdings
=852  41$aBritish Library$bNPL$jPENN shelfmarks - see explore.bl.uk for full holdings
=866  \0$aNewspapers :no.386,560,600,602,639-4898 (23 Feb.1820; 24 June 1823; 24 Feb., 6,20 April 1824; 5 Jan.1825-25 Dec.1895)
=985  \\$aUpgraded by BSS-generated file for WR1910-0531
=CAT  \\$aBATCH-NPL$b00$c20070912$lBLL01$h1130
=CAT  \\$aBATCH$b00$c20070916$lBLL01$h1747
=CAT  \\$aB-BSS-DEL$b00$c20080331$lBLL01$h1539
=CAT  \\$aNPL-008-N$c20110504$lBLL01$h2210
=CAT  \\$aADD-NID$b00$c20110805$lBLL01$h1426
=CAT  \\$aWR11_021$c20111124$lBLL01$h1524
=CAT  \\$aWR11_021$c20111124$lBLL01$h1532
=CAT  \\$a3557$b40$c20120329$lBLL01$h1215
=CAT  \\$aNPL-LOCK$b77$c20140207$lBLL01$h2156
=CAT  \\$c20140214$lBLL01$h1740
=CAT  \\$aNSB-MIG$b50$c20140215$lBLL01$h0149
=CAT  \\$aNSB-MIG$b50$c20140215$lBLL01$h0151
=CAT  \\$aNSB-MIG$b50$c20140215$lBLL01$h0152
=CAT  \\$aNSB-MIG$b50$c20140215$lBLL01$h0153
=CAT  \\$aNSB-MIG$b50$c20140215$lBLL01$h0154
=CAT  \\$aNSB-MIG$b50$c20140215$lBLL01$h0156
=CAT  \\$aNSB-MIG$b50$c20140215$lBLL01$h0157
=CAT  \\$aNSB-MIG$b50$c20140215$lBLL01$h0159
=CAT  \\$aRESET-LEV$b50$c20140302$lBLL01$h2340
=CAT  \\$c20140411$lBLL01$h1325
=CAT  \\$c20140428$lBLL01$h1056
=CAT  \\$aW1910-0531$b00$c20200417$lBLL01$h1834
=CAT  \\$aRESET-LEV$b50$c20200417$lBLL01$h2238
=FIN  \\$aY
=FMT  \\$a  SE
=LAS  \\$aRESET-LEV$b50$c20200417$lBLL01$h2238
=LEO  \\$aMP35.0000104555
=LEO  \\$aTC.39125
=NID  \\$aNID0006995
=SRC  \\$aNPLv17$bbibmp35.20070831.aa
=SRC  \\$aNPLv17$bbibtc.20070831.aa
=TCO  \\$aZZZ$c008

