=LDR  07854cas a2201513u  4500
=001  013896801
=003  Uk
=005  20201127181302.0
=008  950421d18571869||||||n|||\\\\0\\\||eng\\
=FMT  \\$a  SE
=019  n\$aNLC0004960
=040  \\$aUk$cUk
=082  04$a072.496$222
=245  04$aThe Saturday Evening Post.
=336  \\$atext$2rdacontent
=337  \\$aunmediated$2rdamedia
=338  \\$avolume$2rdacarrier
=651  \0$aBirmingham (England)$vNewspapers.
=651  \0$aWest Midlands (England)$vNewspapers.
=752  \\$aEngland$bWest Midlands$dBirmingham.$2blnpn
=785  00$tBirmingham Weekly Post$gno.593-2790,2895-5867 (20 Feb.1869-28 Dec.1895; 1 Jan.1898- 31 Dec.1954)$w013896802
=866  \0$aNewspapers :no.1-592 (5 Dec.1857-13 Feb.1869)
=883  0\$aLanguage codes assigned by Bayesian analysis of words present in record$d20201028$qUk$c0.9010
=852  41$31858-1870$aBritish Library$bNPL$jNEWS13959
=852  41$31862$aBritish Library$bHMNTS$zMicroform.$jMFM.M26747 [1862]
=852  41$31857$aBritish Library$bNPL$jNEWS9634
=852  41$31869-1954$aBritish Library$bNPL$jNEWS4171
=852  41$31877$aBritish Library$bHMNTS$zMicroform.$jMFM.M32521 [1877]
=852  41$31879$aBritish Library$bHMNTS$zMicroform.$jMFM.M39517 [1879]
=852  41$31888$aBritish Library$bHMNTS$zMicroform.$jMFM.M4173 [1888]
=852  41$31889$aBritish Library$bHMNTS$zMicroform.$jMFM.M30297 [1889]
=852  41$31900$aBritish Library$bHMNTS$zMicroform.$jMFM.M1933 [1900]
=852  41$31910$aBritish Library$bHMNTS$zMicroform.$jMFM.M823 [1910]
=852  41$31910$aBritish Library$bHMNTS$zMicroform.$jMFM.M822 [1910]
=852  41$31912$aBritish Library$bHMNTS$zJan - Apr$zMicroform.$jMFM.M3904 [1912]
=852  41$31900$aBritish Library$bNPL$cEW$j1246A [1900]
=852  41$31868-1869$aBritish Library$bNPL$jNEWS4064
=852  41$31859-1869$aBritish Library$bNPL$jNEWS4108
=852  41$31862$aBritish Library$bHMNTS$zMicroform.$jMFM.M21629 [1862]
=852  41$31861$aBritish Library$bHMNTS$zMicroform.$jMFM.M18032 [1861]
=852  41$31864$aBritish Library$bHMNTS$zMicroform.$jMFM.M26726 [1864]
=852  41$31859-1869$aBritish Library$bNPL$jNEWS4108
=852  41$31862$aBritish Library$bHMNTS$zMicroform.$jMFM.M21629 [1862]
=852  41$31861$aBritish Library$bHMNTS$zMicroform.$jMFM.M18032 [1861]
=852  41$31864$aBritish Library$bHMNTS$zMicroform.$jMFM.M26726 [1864]
=852  41$31856-1985$aBritish Library$bNPL$jNEWS195
=852  41$32006-26th Jun. 26$aBritish Library$bNPL$jNEWS.REG161
=852  41$31855-1875$aBritish Library$bNPL$jNEWS3889
=852  41$31856$aBritish Library$bHMNTS$zMicroform.$jMFM.M91426-27
=852  \\$aBritish Library$bNPL$cEW
=852  41$31855$aBritish Library$bHMNTS$z6 Oct-29 Dec 1855$zMicroform.$jMFM.M91425 [1855]
=852  41$31857$aBritish Library$bHMNTS$zMicroform.$jMFM.M91428 [1857]
=852  41$31858$aBritish Library$bHMNTS$zMicroform.$jMFM.M91429 [1858]
=852  41$31860$aBritish Library$bHMNTS$zMicroform.$jMFM.M91430 [1860]
=852  41$31861$aBritish Library$bHMNTS$zMicroform.$jMFM.M91431 [1861]
=852  41$31862$aBritish Library$bHMNTS$zMicroform.$jMFM.M91432 [1862]
=852  41$31863$aBritish Library$bHMNTS$zMicroform.$jMFM.M91433 [1863]
=852  41$31864$aBritish Library$bHMNTS$zMicroform.$jMFM.M91434 [1864]
=852  41$31865$aBritish Library$bHMNTS$zMicroform.$jMFM.M91435 [1865]
=852  41$31866$aBritish Library$bHMNTS$zMicroform.$jMFM.M91436 [1866]
=852  41$31867$aBritish Library$bHMNTS$zMicroform.$jMFM.M91437 [1867]
=852  41$31868$aBritish Library$bHMNTS$zMicroform.$jMFM.M91438 [1868]
=852  41$31869$aBritish Library$bHMNTS$zMicroform.$jMFM.M91439 [1869]
=852  41$31871$aBritish Library$bHMNTS$zMicroform.$jMFM.M91440 [1871]
=852  41$31872$aBritish Library$bHMNTS$zMicroform.$jMFM.M91441 [1872]
=852  41$31873$aBritish Library$bHMNTS$zMicroform.$jMFM.M91442 [1873]
=852  41$31874$aBritish Library$bHMNTS$zMicroform.$jMFM.M91443 [1874]
=852  41$31875$aBritish Library$bHMNTS$zMicroform.$jMFM.M91444 [1875]
=852  41$31859$aBritish Library$bHMNTS$zMicroform.$jMFM.M30743 [1859]
=852  41$31870$aBritish Library$bHMNTS$zMicroform.$jMFM.M23069 [1870]
=852  41$31861-1863$aBritish Library$bNPL$jNEWS4390
=852  41$31859-1869$aBritish Library$bNPL$jNEWS4108
=852  41$31862$aBritish Library$bHMNTS$zMicroform.$jMFM.M21629 [1862]
=852  41$31861$aBritish Library$bHMNTS$zMicroform.$jMFM.M18032 [1861]
=852  41$31864$aBritish Library$bHMNTS$zMicroform.$jMFM.M26726 [1864]
=852  41$31859-1869$aBritish Library$bNPL$jNEWS4108
=852  41$31862$aBritish Library$bHMNTS$zMicroform.$jMFM.M21629 [1862]
=852  41$31861$aBritish Library$bHMNTS$zMicroform.$jMFM.M18032 [1861]
=852  41$31864$aBritish Library$bHMNTS$zMicroform.$jMFM.M26726 [1864]
=852  41$31857-1869$aBritish Library$bNPL$jNEWS4170
=852  41$31858$aBritish Library$bHMNTS$zMicroform.$jMFM.M43248 [1858]
=852  41$31859$aBritish Library$bHMNTS$zMicroform.$jMFM.M43248 [1859]
=852  41$31861$aBritish Library$bHMNTS$zMicroform.$jMFM.M43249 [1861]
=852  41$31869$aBritish Library$bHMNTS$zMicroform.$jMFM.M43256 [1869]
=852  41$31857$aBritish Library$bHMNTS$zMicroform.$jMFM.M43248 [1857]
=852  41$31860$aBritish Library$bHMNTS$zMicroform.$jMFM.M43249 [1860]
=852  41$31862$aBritish Library$bHMNTS$zMicroform.$jMFM.M43250 [1862]
=852  41$31863$aBritish Library$bHMNTS$zMicroform.$jMFM.M43251 [1863]
=852  41$31864$aBritish Library$bHMNTS$zMicroform.$jMFM.M43252 [1864]
=852  41$31865$aBritish Library$bHMNTS$zMicroform.$jMFM.M43253 [1865]
=852  41$31866$aBritish Library$bHMNTS$zMicroform.$jMFM.M43254 [1866]
=852  41$31867$aBritish Library$bHMNTS$zMicroform.$jMFM.M43255 [1867]
=852  41$31868$aBritish Library$bHMNTS$zMicroform.$jMFM.M43256 [1868]
=985  \\$aDisaggregated Record: NPL
=985  \\$aUpgraded by BSS-generated file for WR2011-1472
=CAT  \\$aBATCH-NPL$b00$c20070912$lBLL01$h1131
=CAT  \\$aRESET-LEV$b50$c20210902$lBLL01$h2126
=CAT  \\$aRESET-LEV$b50$c20211002$lBLL01$h1726
=CAT  \\$aRESET-LEV$b50$c20211102$lBLL01$h0305
=CAT  \\$aRESET-LEV$b50$c20211202$lBLL01$h2122
=CAT  \\$aRESET-LEV$b50$c20220103$lBLL01$h0032
=CAT  \\$aRESET-LEV$b50$c20220202$lBLL01$h0137
=CAT  \\$aRESET-LEV$b50$c20220302$lBLL01$h0054
=CAT  \\$aRESET-LEV$b50$c20220402$lBLL01$h1726
=CAT  \\$aRESET-LEV$b50$c20220502$lBLL01$h0240
=CAT  \\$aRESET-LEV$b50$c20220602$lBLL01$h2124
=CAT  \\$aRESET-LEV$b50$c20220702$lBLL01$h1727
=CAT  \\$aRESET-LEV$b50$c20220802$lBLL01$h0351
=CAT  \\$aRESET-LEV$b50$c20220902$lBLL01$h2220
=CAT  \\$aRESET-LEV$b50$c20221003$lBLL01$h0412
=CAT  \\$aRESET-LEV$b50$c20221102$lBLL01$h0231
=CAT  \\$aRESET-LEV$b50$c20221202$lBLL01$h2223
=CAT  \\$aRESET-LEV$b50$c20230102$lBLL01$h0258
=CAT  \\$aRESET-LEV$b50$c20230202$lBLL01$h2125
=CAT  \\$aRESET-LEV$b50$c20230302$lBLL01$h2133
=CAT  \\$aRESET-LEV$b50$c20230403$lBLL01$h0239
=CAT  \\$aRESET-LEV$b50$c20230502$lBLL01$h0322
=CAT  \\$aRESET-LEV$b50$c20230602$lBLL01$h2224
=CAT  \\$aRESET-LEV$b50$c20230703$lBLL01$h0506
=CAT  \\$aRESET-LEV$b50$c20230802$lBLL01$h0207
=CAT  \\$aRESET-LEV$b50$c20230902$lBLL01$h1736
=CAT  \\$aRESET-LEV$b50$c20231002$lBLL01$h0440
=FIN  \\$aY
=LEO  \\$aMP35.0000104850
=LKR  \\$aPAR$lBLL01$r78500$nBirmingham Weekly Post - no.593-2790,2895-5867 (20 Feb.1869-28 Dec.1895; 1 Jan.1898- 31 Dec.1954)$b013896802$mThe Saturday Evening Post. - no.1-592 (5 Dec.1857-13 Feb.1869)
=NID  \\$aNID0007276
=SRC  \\$aNPLv17$bbibmp35.20070831.aa
=TCO  \\$aZZZ$c008
=LAS  \\$aRESET-LEV$b50$c20231002$lBLL01$h0440

