=LDR  02351 as a22006257a 4500
=001  013896933
=003  Uk
=005  20101111125052.0
=008  950421d18691894enkwr\n\\\\\\\0\\\a0eng\\
=019  n\$aNLC0005075
=040  \\$aUk$cUk$dUk
=082  04$a072.332$222
=245  04$aThe Blandford express, and general advertiser for Central Dorset.
=336  \\$atext$2rdacontent
=337  \\$aunmediated$2rdamedia
=338  \\$avolume$2rdacarrier
=651  \0$aBlandford Forum (England)$vNewspapers.
=651  \0$aDorset (England)$vNewspapers.
=752  \\$aEngland$bDorset$dBlandford.$2blnpn
=785  00$tBlandford express and district newsman
=852  \\$aBritish Library$bNPL$cEW
=852  41$31879$aBritish Library$bNPL$cEW$jShelfmarks held at Newspaper Reading Room issue Desk, Colindale
=852  41$aBritish Library$bNPL$jNEWS shelfmarks - see explore.bl.uk for full holdings
=852  41$aBritish Library$bHMNTS$zMicroform.$jMFM shelfmarks - see explore.bl.uk for full holdings
=866  \0$aNewspapers :no.522-1820 (17 July 1869-9 June 1894)
=985  \\$aDisaggregated Record: NPL
=CAT  \\$aBATCH-NPL$b00$c20070912$lBLL01$h1131
=CAT  \\$aBATCH-LINK$b00$c20070915$lBLL01$h0511
=CAT  \\$aBATCH-LINK$b00$c20070915$lBLL01$h0520
=CAT  \\$aBATCH$b00$c20070916$lBLL01$h1748
=CAT  \\$aB-BSS-DEL$b00$c20080331$lBLL01$h1540
=CAT  \\$a6537$b40$c20101111$lBLL01$h1250
=CAT  \\$aNPL-008-N$c20110504$lBLL01$h2211
=CAT  \\$aADD-NID$b00$c20110805$lBLL01$h1426
=CAT  \\$aWR11_021$c20111124$lBLL01$h1524
=CAT  \\$aWR11_021$c20111124$lBLL01$h1532
=CAT  \\$aNPL-LOCK$b77$c20140207$lBLL01$h2156
=CAT  \\$c20140214$lBLL01$h1740
=CAT  \\$aNSB-MIG$b50$c20140215$lBLL01$h0151
=CAT  \\$aNSB-MIG$b50$c20140215$lBLL01$h0152
=CAT  \\$aNSB-MIG$b50$c20140215$lBLL01$h0153
=CAT  \\$aNSB-MIG$b50$c20140215$lBLL01$h0154
=CAT  \\$aNSB-MIG$b50$c20140215$lBLL01$h0155
=CAT  \\$aNSB-MIG$b50$c20140215$lBLL01$h0157
=CAT  \\$aRESET-LEV$b50$c20140302$lBLL01$h2341
=CAT  \\$c20140411$lBLL01$h1325
=FIN  \\$aY
=FMT  \\$a  SE
=LAS  \\$c20140411$lBLL01$h1325
=LEO  \\$aTC.44613
=LEO  \\$aMP35.0000104962
=NID  \\$aNID0007397
=SRC  \\$aNPLv17$bbibtc.20070831.aa
=SRC  \\$aNPLv17$bbibmp35.20070831.aa
=TCO  \\$aCLA$bCLA$c008

