=LDR  02981cas a2200745u  4500
=001  013897083
=003  Uk
=005  20201127181304.0
=008  950421d18551879||||||n|||\\\\0\\\||eng\\
=FMT  \\$a  SE
=019  n\$aNLC0005190
=040  \\$aUk$cUk
=082  04$a072.817$222
=245  04$aThe Bradford Advertiser.
=336  \\$atext$2rdacontent
=337  \\$aunmediated$2rdamedia
=338  \\$avolume$2rdacarrier
=500  \\$aDiscontinued.
=651  \0$aBradford (West Yorkshire, England)$vNewspapers.
=651  \0$aWest Yorkshire (England)$vNewspapers.
=752  \\$aEngland$bWest Yorkshire$dBradford.$2blnpn
=866  \0$aNewspapers :no.1-1251 (19 May 1855-26 April 1879)
=883  0\$aLanguage codes assigned by Bayesian analysis of words present in record$d20201028$qUk$c0.9010
=852  41$31884$aBritish Library$bNPL$cEW$jS92 [1884]
=852  41$31884$aBritish Library$bNPL$cEW$jS92 [1884]
=852  41$31864$aBritish Library$bNPL$cEW$j1772 [1864]
=852  41$31899$aBritish Library$bNPL$cEW$j833 [1899]
=852  \\$aBritish Library$bNPL$cEW
=852  41$aBritish Library$bNPL$jNEWS shelfmarks - see explore.bl.uk for full holdings
=852  41$aBritish Library$bHMNTS$zMicroform.$jMFM shelfmarks - see explore.bl.uk for full holdings
=852  \\$aBritish Library$bNPL$cEW
=985  \\$aUpgraded by BSS-generated file for WR2011-1472
=CAT  \\$aBATCH-NPL$b00$c20070912$lBLL01$h1131
=CAT  \\$aRESET-LEV$b50$c20210902$lBLL01$h2126
=CAT  \\$aRESET-LEV$b50$c20211002$lBLL01$h1726
=CAT  \\$aRESET-LEV$b50$c20211102$lBLL01$h0305
=CAT  \\$aRESET-LEV$b50$c20211202$lBLL01$h2122
=CAT  \\$aRESET-LEV$b50$c20220103$lBLL01$h0032
=CAT  \\$aRESET-LEV$b50$c20220202$lBLL01$h0137
=CAT  \\$aRESET-LEV$b50$c20220302$lBLL01$h0054
=CAT  \\$aRESET-LEV$b50$c20220402$lBLL01$h1726
=CAT  \\$aRESET-LEV$b50$c20220502$lBLL01$h0240
=CAT  \\$aRESET-LEV$b50$c20220602$lBLL01$h2124
=CAT  \\$aRESET-LEV$b50$c20220702$lBLL01$h1727
=CAT  \\$aRESET-LEV$b50$c20220802$lBLL01$h0351
=CAT  \\$aRESET-LEV$b50$c20220902$lBLL01$h2220
=CAT  \\$aRESET-LEV$b50$c20221003$lBLL01$h0412
=CAT  \\$aRESET-LEV$b50$c20221102$lBLL01$h0231
=CAT  \\$aRESET-LEV$b50$c20221202$lBLL01$h2223
=CAT  \\$aRESET-LEV$b50$c20230102$lBLL01$h0258
=CAT  \\$aRESET-LEV$b50$c20230202$lBLL01$h2125
=CAT  \\$aRESET-LEV$b50$c20230302$lBLL01$h2133
=CAT  \\$aRESET-LEV$b50$c20230403$lBLL01$h0239
=CAT  \\$aRESET-LEV$b50$c20230502$lBLL01$h0322
=CAT  \\$aRESET-LEV$b50$c20230602$lBLL01$h2224
=CAT  \\$aRESET-LEV$b50$c20230703$lBLL01$h0506
=CAT  \\$aRESET-LEV$b50$c20230802$lBLL01$h0207
=CAT  \\$aRESET-LEV$b50$c20230902$lBLL01$h1736
=CAT  \\$aRESET-LEV$b50$c20231002$lBLL01$h0440
=FIN  \\$aY
=LEO  \\$aMP35.0000105076
=NID  \\$aNID0007528
=SRC  \\$aNPLv17$bbibmp35.20070831.aa
=TCO  \\$aZZZ$c008
=LAS  \\$aRESET-LEV$b50$c20231002$lBLL01$h0440

