=LDR  03125 as a2200721u  4500
=001  013897342
=003  Uk
=005  20090205110514.0
=008  950421d17701872||||||n|||\\\\0\\\||eng\\
=019  n\$aNLC0005427
=019  x\$a2521230383
=040  \\$aUk$cUk
=082  04$a072.393$222
=245  04$aThe Bristol Gazette, and Public Advertiser.
=336  \\$atext$2rdacontent
=337  \\$aunmediated$2rdamedia
=338  \\$avolume$2rdacarrier
=500  \\$aHARD COPY . SEE SEPARATE CATALOGUE ENTRY FOR MICROFILM HOLDINGS.
=651  \0$aAvon (England)$vNewspapers.
=651  \0$aBristol (England)$vNewspapers.
=752  \\$aEngland$bAvon$dBristol.$2blnpn
=852  41$31877$aBritish Library$bNPL$cEW$j219 [1877]
=852  41$31782-1789$aBritish Library$bHMNTS$jN.R.Burney.
=852  41$31782-1789$aBritish Library$bHMNTS$jN.R.Burney.
=852  41$31836-1837$aBritish Library$bNPL$cEW$j308 [1837]$xDec 1836-Dec 1837
=852  41$31836-1837$aBritish Library$bNPL$cEW$j308 [1837]$xDec 1836-Dec 1837
=852  41$31782-1789$aBritish Library$bHMNTS$jN.R.Burney.
=852  41$31782-1789$aBritish Library$bHMNTS$jN.R.Burney.
=852  41$31871$aBritish Library$bNPL$cEW$j365 [1871]
=852  41$aBritish Library$bHMNTS$jPP.2500.DAB
=852  \\$aBritish Library$bNPL$cEW
=852  41$aBritish Library$bNPL$jNEWS shelfmarks - see explore.bl.uk for full holdings
=852  41$aBritish Library$bHMNTS$zMicroform.$jMFM shelfmarks - see explore.bl.uk for full holdings
=852  41$aBritish Library$bNPL$jPENN shelfmarks - see explore.bl.uk for full holdings
=866  \0$aNewspapers :no.176, etc (20 Dec.1770; 7 Aug.1777; 5 Jan.1786-31 Dec.1789; 13 May 1790; 26 May 1795; 29 Sept.,24 Nov.1796; 22 June 1797; 4 Aug.1808; 7 March,31 Oct.1811; 23 Jan., 13 Feb.,23 April,23 July,19 Nov.1812; 3 June 1813; 27 Jan.,10 Feb.1814; 30 March,27 April 1815; 29 Feb., 12 Dec.1816[mutilated]; 25 Dec.1817; 7 Jan.1819-23 May 1872)
=CAT  \\$aBATCH-NPL$b00$c20070912$lBLL01$h1131
=CAT  \\$aBATCH$b00$c20070916$lBLL01$h1749
=CAT  \\$aB-BSS-DEL$b00$c20080331$lBLL01$h1540
=CAT  \\$a6550$b40$c20090205$lBLL01$h1105
=CAT  \\$aBATCH$b00$c20101223$lBLL01$h1945
=CAT  \\$aNPL-008-N$c20110504$lBLL01$h2211
=CAT  \\$aADD-NID$b00$c20110805$lBLL01$h1426
=CAT  \\$aWR11_021$c20111124$lBLL01$h1524
=CAT  \\$aWR11_021$c20111124$lBLL01$h1532
=CAT  \\$aNPL-LOCK$b77$c20140207$lBLL01$h2156
=CAT  \\$c20140214$lBLL01$h1740
=CAT  \\$aNSB-MIG$b50$c20140215$lBLL01$h0150
=CAT  \\$aNSB-MIG$b50$c20140215$lBLL01$h0151
=CAT  \\$aNSB-MIG$b50$c20140215$lBLL01$h0156
=CAT  \\$aNSB-MIG$b50$c20140215$lBLL01$h0157
=CAT  \\$aNSB-MIG$b50$c20140215$lBLL01$h0158
=CAT  \\$aNSB-MIG$b50$c20140215$lBLL01$h0204
=CAT  \\$aRESET-LEV$b50$c20140302$lBLL01$h2341
=CAT  \\$c20140411$lBLL01$h1325
=FIN  \\$aY
=FMT  \\$a  SE
=LAS  \\$c20140411$lBLL01$h1325
=LEO  \\$aMP35.0000105310
=LEO  \\$aMP1.0003014197
=NID  \\$aNID0007759
=SRC  \\$aNPLv17$bbibmp35.20070831.aa
=SRC  \\$aBLS01$bbibmp1.200404.2.ad
=TCO  \\$aZZZ$c008

