=LDR  02254 as a2200577u  4500
=001  013897653
=003  Uk
=005  20201017093125.0
=008  950421d18371841|||wr|n|||\\\\0\\\||eng\\
=019  n\$aNLC0005690
=040  \\$aUk$cUk
=082  04$a072.842$222
=245  04$aThe Harrogate Weekly Gazette, and List of the Company.
=336  \\$atext$2rdacontent
=337  \\$aunmediated$2rdamedia
=338  \\$avolume$2rdacarrier
=500  \\$aPublished during the holiday season only.
=651  \0$aHarrogate (England)$vNewspapers.
=651  \0$aNorth Yorkshire (England)$vNewspapers.
=752  \\$aEngland$bNorth Yorkshire$dHarrogate.$2blnpn
=852  41$31880$aBritish Library$bNPL$cEW$j398 [1880]
=852  41$31880$aBritish Library$bNPL$cEW$j398 [1880]
=852  41$31880$aBritish Library$bNPL$cEW$j398 [1880]
=852  41$31880$aBritish Library$bNPL$cEW$j398 [1880]
=852  \\$aBritish Library$bNPL$cEW
=852  41$aBritish Library$bNPL$jNEWS shelfmarks - see explore.bl.uk for full holdings
=852  41$aBritish Library$bHMNTS$zMicroform.$jMFM shelfmarks - see explore.bl.uk for full holdings
=866  \0$aNewspapers :vol.3.no.1-vol.7.no.12 (7 Aug.1837-16 Oct.1841)
=883  0\$aLanguage codes assigned by Bayesian analysis of words present in record$d20200826$qUk$c0.9919
=985  \\$aUpgraded by BSS-generated file for WR2009-0365
=CAT  \\$aBATCH-NPL$b00$c20070912$lBLL01$h1131
=CAT  \\$aBATCH$b00$c20070916$lBLL01$h1749
=CAT  \\$aB-BSS-DEL$b00$c20080331$lBLL01$h1540
=CAT  \\$aNPL-008-N$c20110504$lBLL01$h2211
=CAT  \\$aADD-NID$b00$c20110805$lBLL01$h1426
=CAT  \\$aWR11_021$c20111124$lBLL01$h1524
=CAT  \\$aWR11_021$c20111124$lBLL01$h1532
=CAT  \\$aNPL-LOCK$b77$c20140207$lBLL01$h2157
=CAT  \\$c20140214$lBLL01$h1740
=CAT  \\$aNSB-MIG$b50$c20140215$lBLL01$h0156
=CAT  \\$aRESET-LEV$b50$c20140302$lBLL01$h2341
=CAT  \\$c20140411$lBLL01$h1325
=CAT  \\$aW2009-0365$b00$c20201017$lBLL01$h0931
=CAT  \\$aRESET-LEV$b50$c20201017$lBLL01$h1747
=FIN  \\$aY
=FMT  \\$a  SE
=LAS  \\$aRESET-LEV$b50$c20201017$lBLL01$h1747
=LEO  \\$aMP35.0000105571
=NID  \\$aNID0008047
=SRC  \\$aNPLv17$bbibmp35.20070831.aa
=TCO  \\$aZZZ$c008

