=LDR  04797 as a2200973u  4500
=001  013897676
=003  Uk
=005  20201017093125.0
=008  950421d18671871||||||n|||\\\\0\\\||eng\\
=019  n\$aNLC0005711
=040  \\$aUk$cUk
=082  04$a072.763$222
=245  04$aThe Haslingden Chronicle & Ramsbottom Times, etc.
=336  \\$atext$2rdacontent
=337  \\$aunmediated$2rdamedia
=338  \\$avolume$2rdacarrier
=651  \0$aHaslingden (England)$vNewspapers.
=651  \0$aLancashire (England)$vNewspapers.
=752  \\$aEngland$bLancashire$dHaslingden.$2blnpn
=852  41$31831-1872$aBritish Library$bNPL$jNEWS4553
=852  41$31770, 1777, 1786-1790, 1795-1797, 1808, 1811-1817, 1819-1830$aBritish Library$bNPL$jPENN.P38
=852  41$31870-1881$aBritish Library$bNPL$jNEWS14342
=852  41$31873$aBritish Library$bHMNTS$zMicroform.$jMFM.M3020 [1873]
=852  41$31876$aBritish Library$bHMNTS$zMicroform.$jMFM.M36925 [1876]
=852  41$31877$aBritish Library$bHMNTS$zMicroform.$jMFM.M32616 [1877]
=852  41$31879$aBritish Library$bHMNTS$zMicroform.$jMFM.M37132 [1879]
=852  41$31855-1875$aBritish Library$bNPL$jNEWS3889
=852  41$31856$aBritish Library$bHMNTS$zMicroform.$jMFM.M91426-27
=852  \\$aBritish Library$bNPL$cEW
=852  41$31855$aBritish Library$bHMNTS$z6 Oct-29 Dec 1855$zMicroform.$jMFM.M91425 [1855]
=852  41$31857$aBritish Library$bHMNTS$zMicroform.$jMFM.M91428 [1857]
=852  41$31858$aBritish Library$bHMNTS$zMicroform.$jMFM.M91429 [1858]
=852  41$31860$aBritish Library$bHMNTS$zMicroform.$jMFM.M91430 [1860]
=852  41$31861$aBritish Library$bHMNTS$zMicroform.$jMFM.M91431 [1861]
=852  41$31862$aBritish Library$bHMNTS$zMicroform.$jMFM.M91432 [1862]
=852  41$31863$aBritish Library$bHMNTS$zMicroform.$jMFM.M91433 [1863]
=852  41$31864$aBritish Library$bHMNTS$zMicroform.$jMFM.M91434 [1864]
=852  41$31865$aBritish Library$bHMNTS$zMicroform.$jMFM.M91435 [1865]
=852  41$31866$aBritish Library$bHMNTS$zMicroform.$jMFM.M91436 [1866]
=852  41$31867$aBritish Library$bHMNTS$zMicroform.$jMFM.M91437 [1867]
=852  41$31868$aBritish Library$bHMNTS$zMicroform.$jMFM.M91438 [1868]
=852  41$31869$aBritish Library$bHMNTS$zMicroform.$jMFM.M91439 [1869]
=852  41$31871$aBritish Library$bHMNTS$zMicroform.$jMFM.M91440 [1871]
=852  41$31872$aBritish Library$bHMNTS$zMicroform.$jMFM.M91441 [1872]
=852  41$31873$aBritish Library$bHMNTS$zMicroform.$jMFM.M91442 [1873]
=852  41$31874$aBritish Library$bHMNTS$zMicroform.$jMFM.M91443 [1874]
=852  41$31875$aBritish Library$bHMNTS$zMicroform.$jMFM.M91444 [1875]
=852  41$31859$aBritish Library$bHMNTS$zMicroform.$jMFM.M30743 [1859]
=852  41$31870$aBritish Library$bHMNTS$zMicroform.$jMFM.M23069 [1870]
=852  41$31853-1921$aBritish Library$bNPL$jNEWS4749
=852  41$31868$aBritish Library$bHMNTS$zMicroform.$jMFM.M36929 [1868]
=852  41$31869$aBritish Library$bHMNTS$zMicroform.$jMFM.M34138 [1869]
=852  41$31877$aBritish Library$bHMNTS$zMicroform.$jMFM.M23006 [1877]
=852  41$31889$aBritish Library$bHMNTS$zMicroform.$jMFM.M18074 [1889]
=852  41$31897$aBritish Library$bHMNTS$zJul - Dec$zMicroform.$jMFM.M1770 [1897]
=852  41$31898$aBritish Library$bHMNTS$zJan - Jun$zMicroform.$jMFM.M2349 [1898]
=852  41$31899$aBritish Library$bHMNTS$zMicroform.$jMFM.M2363 [1899]
=852  41$31897$aBritish Library$bHMNTS$zJan - Jun$zMicroform.$jMFM.M1422-3
=852  41$31867-1871$aBritish Library$bNPL$jNEWS4799
=852  41$31867$aBritish Library$bHMNTS$zMicroform.$jMFM.M36851 [1867]
=852  41$31868$aBritish Library$bHMNTS$zMicroform.$jMFM.M37886 [1868]
=866  \0$aNewspapers :no.1-199 (1 June 1867-30 Dec.1871)
=883  0\$aLanguage codes assigned by Bayesian analysis of words present in record$d20200826$qUk$c0.9919
=985  \\$aUpgraded by BSS-generated file for WR2009-0365
=CAT  \\$aBATCH-NPL$b00$c20070912$lBLL01$h1131
=CAT  \\$aBATCH$b00$c20070916$lBLL01$h1749
=CAT  \\$aB-BSS-DEL$b00$c20080331$lBLL01$h1540
=CAT  \\$aNPL-008-N$c20110504$lBLL01$h2211
=CAT  \\$aADD-NID$b00$c20110805$lBLL01$h1426
=CAT  \\$aWR11_021$c20111124$lBLL01$h1524
=CAT  \\$aWR11_021$c20111124$lBLL01$h1532
=CAT  \\$aNPL-LOCK$b77$c20140207$lBLL01$h2157
=CAT  \\$c20140214$lBLL01$h1740
=CAT  \\$aNSB-MIG$b50$c20140215$lBLL01$h0157
=CAT  \\$aRESET-LEV$b50$c20140302$lBLL01$h2341
=CAT  \\$aW2009-0365$b00$c20201017$lBLL01$h0931
=CAT  \\$aRESET-LEV$b50$c20201017$lBLL01$h1747
=FIN  \\$aY
=FMT  \\$a  SE
=LAS  \\$aRESET-LEV$b50$c20201017$lBLL01$h1747
=LEO  \\$aMP35.0000105592
=NID  \\$aNID0008068
=SRC  \\$aNPLv17$bbibmp35.20070831.aa
=TCO  \\$aZZZ$c008

