=LDR  04357cas a2200913u  4500
=001  013897699
=003  Uk
=005  20201026140246.0
=008  950421d18981899|||wr|n|||\\\\0\\\||eng\\
=FMT  \\$a  SE
=019  n\$aNLC0005731
=040  \\$aUk$cUk
=082  04$a072.259$222
=245  04$aThe Hastings & St.Leonards Weekly Mail and Borough Boundary and District Gazette.
=336  \\$atext$2rdacontent
=337  \\$aunmediated$2rdamedia
=338  \\$avolume$2rdacarrier
=651  \0$aEast Sussex (England)$vNewspapers.
=651  \0$aHastings (England)$vNewspapers.
=752  \\$aEngland$bEast Sussex$dHastings.$2blnpn
=785  00$tHastings and St.Leonards Weekly Mail and Times, etc$gno.1138-1787 (25 March 1899-23 Dec.1911)$w013897700
=866  \0$aNewspapers :no.1-48 (16 April 1898-18 March 1899)
=883  0\$aLanguage codes assigned by Bayesian analysis of words present in record$d20200826$qUk$c0.9919
=852  41$31898-1900$aBritish Library$bNPL$jNEWS13996
=852  41$31898$aBritish Library$bHMNTS$zMicroform.$jMFM.M37480 [1898]
=852  41$31899-1900$aBritish Library$bHMNTS$zMicroform.$jMFM.M37481 [1899-1900]
=852  41$31899-1911$aBritish Library$bNPL$jNEWS4814
=852  \\$aBritish Library$bNPL$cEW
=852  41$31899$aBritish Library$bHMNTS$zMicroform.$jMFM.M86539 [1899]
=852  41$31900$aBritish Library$bHMNTS$zMicroform.$jMFM.M86540 [1900]
=852  41$31901$aBritish Library$bHMNTS$zMicroform.$jMFM.M86541 [1901]
=852  41$31902$aBritish Library$bHMNTS$zMicroform.$jMFM.M86542 [1902]
=852  41$31903$aBritish Library$bHMNTS$zMicroform.$jMFM.M86543 [1903]
=852  41$31905$aBritish Library$bHMNTS$zMicroform.$jMFM.M86544 [1905]
=852  41$31906$aBritish Library$bHMNTS$zMicroform.$jMFM.M86545 [1906]
=852  41$31907$aBritish Library$bHMNTS$zMicroform.$jMFM.M86546 [1907]
=852  41$31908$aBritish Library$bHMNTS$zMicroform.$jMFM.M86547 [1908]
=852  41$31909$aBritish Library$bHMNTS$zMicroform.$jMFM.M86548 [1909]
=852  41$31910$aBritish Library$bHMNTS$zMicroform.$jMFM.M86549 [1910]
=852  41$31911$aBritish Library$bHMNTS$zMicroform.$jMFM.M86550 [1911]
=852  41$31904$aBritish Library$bHMNTS$zMicroform.$jMFM.M14009 [1904]
=852  41$31898$aBritish Library$bHMNTS$zMicroform.$jMFM.M86538 [1898]
=852  41$31899$aBritish Library$bHMNTS$zMicroform.$jMFM.M86539 [1899]
=985  \\$aDisaggregated Record: NPL
=985  \\$aUpgraded by BSS-generated file for WR2009-0365
=CAT  \\$aBATCH-NPL$b00$c20070912$lBLL01$h1131
=CAT  \\$aRESET-LEV$b50$c20210902$lBLL01$h2126
=CAT  \\$aRESET-LEV$b50$c20211002$lBLL01$h1726
=CAT  \\$aRESET-LEV$b50$c20211102$lBLL01$h0306
=CAT  \\$aRESET-LEV$b50$c20211202$lBLL01$h2122
=CAT  \\$aRESET-LEV$b50$c20220103$lBLL01$h0033
=CAT  \\$aRESET-LEV$b50$c20220202$lBLL01$h0137
=CAT  \\$aRESET-LEV$b50$c20220302$lBLL01$h0054
=CAT  \\$aRESET-LEV$b50$c20220402$lBLL01$h1726
=CAT  \\$aRESET-LEV$b50$c20220502$lBLL01$h0240
=CAT  \\$aRESET-LEV$b50$c20220602$lBLL01$h2124
=CAT  \\$aRESET-LEV$b50$c20220702$lBLL01$h1727
=CAT  \\$aRESET-LEV$b50$c20220802$lBLL01$h0352
=CAT  \\$aRESET-LEV$b50$c20220902$lBLL01$h2220
=CAT  \\$aRESET-LEV$b50$c20221003$lBLL01$h0412
=CAT  \\$aRESET-LEV$b50$c20221102$lBLL01$h0232
=CAT  \\$aRESET-LEV$b50$c20221202$lBLL01$h2223
=CAT  \\$aRESET-LEV$b50$c20230102$lBLL01$h0258
=CAT  \\$aRESET-LEV$b50$c20230202$lBLL01$h2125
=CAT  \\$aRESET-LEV$b50$c20230302$lBLL01$h2133
=CAT  \\$aRESET-LEV$b50$c20230403$lBLL01$h0239
=CAT  \\$aRESET-LEV$b50$c20230502$lBLL01$h0323
=CAT  \\$aRESET-LEV$b50$c20230602$lBLL01$h2224
=CAT  \\$aRESET-LEV$b50$c20230703$lBLL01$h0506
=CAT  \\$aRESET-LEV$b50$c20230802$lBLL01$h0208
=CAT  \\$aRESET-LEV$b50$c20230902$lBLL01$h1737
=CAT  \\$aRESET-LEV$b50$c20231002$lBLL01$h0440
=FIN  \\$aY
=LEO  \\$aMP35.0000105612
=LKR  \\$aPAR$lBLL01$r78500$nHastings and St.Leonards Weekly Mail and Times, etc - no.1138-1787 (25 March 1899-23 Dec.1911)$b013897700$mThe Hastings & St.Leonards Weekly Mail and Borough Boundary and District Gazette. - no.1-48 (16 April 1898-18 March 1899)
=NID  \\$aNID0008091
=SRC  \\$aNPLv17$bbibmp35.20070831.aa
=TCO  \\$aZZZ$c008
=LAS  \\$aRESET-LEV$b50$c20231002$lBLL01$h0440

