=LDR  02715 as a2200637u  4500
=001  013897700
=003  Uk
=005  20200417183501.0
=008  950421d18991911|||wr|n|||\\\\0\\\||eng\\
=019  n\$aNLC0005731
=040  \\$aUk$cUk
=082  04$a072.259$222
=245  00$aHastings and St.Leonards Weekly Mail and Times, etc.
=336  \\$atext$2rdacontent
=337  \\$aunmediated$2rdamedia
=338  \\$avolume$2rdacarrier
=500  \\$aDiscontinued.
=651  \0$aEast Sussex (England)$vNewspapers.
=651  \0$aHastings (England)$vNewspapers.
=752  \\$aEngland$bEast Sussex$dHastings.$2blnpn
=780  00$tHastings & St.Leonards Weekly Mail and Borough Boundary and District Gazette$gno.1-48 (16 April 1898-18 March 1899)$w013897699
=852  41$31899-1911$aBritish Library$bNPL$jNEWS4814
=852  \\$aBritish Library$bNPL$cEW
=852  41$31899$aBritish Library$bHMNTS$zMicroform.$jMFM.M86539 [1899]
=852  41$31900$aBritish Library$bHMNTS$zMicroform.$jMFM.M86540 [1900]
=852  41$31901$aBritish Library$bHMNTS$zMicroform.$jMFM.M86541 [1901]
=852  41$31902$aBritish Library$bHMNTS$zMicroform.$jMFM.M86542 [1902]
=852  41$31903$aBritish Library$bHMNTS$zMicroform.$jMFM.M86543 [1903]
=852  41$31905$aBritish Library$bHMNTS$zMicroform.$jMFM.M86544 [1905]
=852  41$31906$aBritish Library$bHMNTS$zMicroform.$jMFM.M86545 [1906]
=852  41$31907$aBritish Library$bHMNTS$zMicroform.$jMFM.M86546 [1907]
=852  41$31908$aBritish Library$bHMNTS$zMicroform.$jMFM.M86547 [1908]
=852  41$31909$aBritish Library$bHMNTS$zMicroform.$jMFM.M86548 [1909]
=852  41$31910$aBritish Library$bHMNTS$zMicroform.$jMFM.M86549 [1910]
=852  41$31911$aBritish Library$bHMNTS$zMicroform.$jMFM.M86550 [1911]
=852  41$31904$aBritish Library$bHMNTS$zMicroform.$jMFM.M14009 [1904]
=866  \0$aNewspapers :no.1138-1787 (25 March 1899-23 Dec.1911)
=985  \\$aUpgraded by BSS-generated file for WR1910-0531
=CAT  \\$aBATCH-NPL$b00$c20070912$lBLL01$h1131
=CAT  \\$aBATCH-LINK$b00$c20070915$lBLL01$h0504
=CAT  \\$aBATCH$b00$c20070916$lBLL01$h1749
=CAT  \\$aB-BSS-DEL$b00$c20080331$lBLL01$h1540
=CAT  \\$aNPL-008-N$c20110504$lBLL01$h2211
=CAT  \\$aADD-NID$b00$c20110805$lBLL01$h1426
=CAT  \\$aWR11_021$c20111124$lBLL01$h1524
=CAT  \\$aWR11_021$c20111124$lBLL01$h1532
=CAT  \\$aNPL-LOCK$b77$c20140207$lBLL01$h2157
=CAT  \\$c20140214$lBLL01$h1740
=CAT  \\$aW1910-0531$b00$c20200417$lBLL01$h1835
=FIN  \\$aY
=FMT  \\$a  SE
=LAS  \\$aW1910-0531$b00$c20200417$lBLL01$h1835
=LEO  \\$aMP35.0000105612.1
=NID  \\$aNID0008092
=SRC  \\$aNPLv17$bbibmp35.20070831.aa
=TCO  \\$aZZZ$c008

