=LDR  02770 as a2200649u  4500
=001  013898082
=003  Uk
=005  20201017093127.0
=008  950421d18611863||||||n|||\\\\0\\\||eng\\
=019  n\$aNLC0006045
=040  \\$aUk$cUk
=082  04$a072.518$222
=245  00$aIlkeston Leader, and Erewash Valley Advertiser.
=336  \\$atext$2rdacontent
=337  \\$aunmediated$2rdamedia
=338  \\$avolume$2rdacarrier
=651  \0$aDerbyshire (England)$vNewspapers.
=651  \0$aIlkeston (England)$vNewspapers.
=752  \\$aEngland$bDerbyshire$dIlkeston.$2blnpn
=852  41$31857-1867$aBritish Library$bNPL$jNEWS4010
=852  41$31859$aBritish Library$bHMNTS$zMicroform.$jMFM.M23086 [1859]
=852  41$31860$aBritish Library$bHMNTS$zMicroform.$jMFM.M23086 [1860]
=852  \\$aBritish Library$bNPL$cEW
=852  41$31861$aBritish Library$bHMNTS$zMicroform.$jMFM.M90689 [1861]
=852  41$31862$aBritish Library$bHMNTS$zMicroform.$jMFM.M90690 [1862]
=852  41$31863$aBritish Library$bHMNTS$zMicroform.$jMFM.M90691 [1863]
=852  41$31864$aBritish Library$bHMNTS$zMicroform.$jMFM.M90692 [1864]
=852  41$31865$aBritish Library$bHMNTS$zMicroform.$jMFM.M90693 [1865]
=852  41$31866$aBritish Library$bHMNTS$zMicroform.$jMFM.M90694 [1866]
=852  41$31867$aBritish Library$bHMNTS$z5 Jan-5 Oct 1867$zMicroform.$jMFM.M90695 [1867]
=852  41$31857$aBritish Library$bHMNTS$zMicroform.$jMFM.M23085 [1857]
=852  41$31858$aBritish Library$bHMNTS$zMicroform.$jMFM.M23086 [1858]
=852  41$31861-1863$aBritish Library$bNPL$jNEWS5063
=852  41$31861$aBritish Library$bHMNTS$zMicroform.$jMFM.M34528 [1861]
=852  41$31862-1863$aBritish Library$bHMNTS$zMicroform.$jMFM.M37479 [1862-1863]
=866  \0$aNewspapers :no.1-96 (2 May 1861-28 Feb.1863)
=883  0\$aLanguage codes assigned by Bayesian analysis of words present in record$d20200826$qUk$c0.9919
=985  \\$aUpgraded by BSS-generated file for WR2009-0365
=CAT  \\$aBATCH-NPL$b00$c20070912$lBLL01$h1132
=CAT  \\$aBATCH$b00$c20070916$lBLL01$h1750
=CAT  \\$aB-BSS-DEL$b00$c20080331$lBLL01$h1540
=CAT  \\$aNPL-008-N$c20110504$lBLL01$h2211
=CAT  \\$aADD-NID$b00$c20110805$lBLL01$h1427
=CAT  \\$aWR11_021$c20111124$lBLL01$h1525
=CAT  \\$aWR11_021$c20111124$lBLL01$h1532
=CAT  \\$aNPL-LOCK$b77$c20140207$lBLL01$h2157
=CAT  \\$c20140214$lBLL01$h1741
=CAT  \\$aNSB-MIG$b50$c20140215$lBLL01$h0158
=CAT  \\$aW2009-0365$b00$c20201017$lBLL01$h0931
=CAT  \\$aRESET-LEV$b50$c20201017$lBLL01$h1747
=FIN  \\$aY
=FMT  \\$a  SE
=LAS  \\$aRESET-LEV$b50$c20201017$lBLL01$h1747
=LEO  \\$aMP35.0000105924
=NID  \\$aNID0008444
=SRC  \\$aNPLv17$bbibmp35.20070831.aa
=TCO  \\$aZZZ$c008

