=LDR  03360 as a2200745u  4500
=001  013898565
=003  Uk
=005  20200417183504.0
=008  950421d18931908|||wr|p|||\\\\0\\\||eng\\
=019  n\$aNLC0006454
=040  \\$aUk$cUk
=130  4\$aThe Crescent (Liverpool, England : 1893)
=245  04$aThe Crescent :$b(A weekly record of Islam in England).
=260  \\$aLiverpool
=336  \\$atext$2rdacontent
=337  \\$aunmediated$2rdamedia
=338  \\$avolume$2rdacarrier
=500  \\$aDiscontinued.
=500  \\$aWanting 1894.
=852  41$31905$aBritish Library$bHMNTS$zMicroform.$jMFM.M81127 [1905]
=852  41$31906$aBritish Library$bHMNTS$zMicroform.$jMFM.M81128 [1906]
=852  41$31907-1908$aBritish Library$bHMNTS$zMicroform.$jMFM.M81129 [1907-1908]
=852  41$31904$aBritish Library$bHMNTS$zMicroform.$jMFM.M81126 [1904]
=852  41$31893; Unfit for use$aBritish Library$bHMNTS$jLOU.EW S1632 [1893]
=852  41$31895$aBritish Library$bHMNTS$jLOU.EW S1883A [1895]
=852  41$31896$aBritish Library$bHMNTS$jLOU.EW S43 [1896]
=852  41$31897$aBritish Library$bHMNTS$jLOU.EW S82 [1897]
=852  41$31898; Unfit for use$aBritish Library$bHMNTS$jLOU.EW S443 [1898]
=852  41$31899$aBritish Library$bHMNTS$jLOU.EW S716 [1899]
=852  41$31900$aBritish Library$bHMNTS$jLOU.EW S953 [1900]
=852  41$31901$aBritish Library$bHMNTS$jLOU.EW 298 [1901]
=852  41$31902$aBritish Library$bHMNTS$jLOU.EW 545 [1902]
=852  41$31903$aBritish Library$bHMNTS$jLOU.EW 332 [1903]
=852  41$31904$aBritish Library$bHMNTS$jLOU.EW 961 [1904]
=852  41$31905$aBritish Library$bHMNTS$jLOU.EW 1638 [1905]
=852  41$31906$aBritish Library$bHMNTS$jLOU.EW 424 [1906]
=852  41$31907$aBritish Library$bHMNTS$jLOU.EW 1548 [1907]
=852  41$31908$aBritish Library$bHMNTS$jLOU.EW 1421 [1908]
=852  \\$aBritish Library$bHMNTS$cEW
=852  41$31903$aBritish Library$bHMNTS$zMicroform.$jMFM.M81125 [1903]
=852  41$31902$aBritish Library$bHMNTS$zMicroform.$jMFM.M81124 [1902]
=852  41$31893$aBritish Library$bHMNTS$z14 Jan-30Dec 1893$zMicroform.$jMFM.M81116 [1893]
=852  41$31895$aBritish Library$bHMNTS$zMicroform.$jMFM.M81117 [1895]
=852  41$31896$aBritish Library$bHMNTS$zMicroform.$jMFM.M81118 [1896]
=852  41$31897$aBritish Library$bHMNTS$zMicroform.$jMFM.M81119 [1897]
=852  41$31898$aBritish Library$bHMNTS$zMicroform.$jMFM.M81120 [1898]
=852  41$31899$aBritish Library$bHMNTS$zMicroform.$jMFM.M81121 [1899]
=852  41$31900$aBritish Library$bHMNTS$zMicroform.$jMFM.M81122 [1900]
=852  41$31901$aBritish Library$bHMNTS$zMicroform.$jMFM.M81123 [1901]
=866  \0$ano.1-801 (14 Jan.1893-27 May 1908)
=985  \\$aUpgraded by BSS-generated file for WR1910-0531
=CAT  \\$aBATCH-NPL$b00$c20070912$lBLL01$h1132
=CAT  \\$aBATCH$b00$c20070916$lBLL01$h1750
=CAT  \\$aB-BSS-DEL$b00$c20080331$lBLL01$h1540
=CAT  \\$aNPL-008-P$c20110504$lBLL01$h2103
=CAT  \\$aBATCH-UPD$b00$c20110714$lBLL01$h1621
=CAT  \\$aNPL-LOCK$b77$c20140207$lBLL01$h2157
=CAT  \\$c20140214$lBLL01$h1748
=CAT  \\$aW1910-0531$b00$c20200417$lBLL01$h1835
=FIN  \\$aY
=FMT  \\$a  SE
=LAS  \\$aW1910-0531$b00$c20200417$lBLL01$h1835
=LEO  \\$aMP35.0000106323
=SRC  \\$aNPLv17$bbibmp35.20070831.aa
=TCO  \\$aZZZ$c008

