=LDR  03063cas a2200757u  4500
=001  013898949
=003  Uk
=005  20201127181318.0
=008  950421d18281866||||||p|||\\\\0\\\||eng\\
=FMT  \\$a  SE
=019  n\$aNLC0006806
=040  \\$aUk$cUk
=130  0\$aJohnson's Racing Calendar (York, England : 1828)
=245  00$aJohnson's Racing Calendar.
=260  \\$aYork
=336  \\$atext$2rdacontent
=337  \\$aunmediated$2rdamedia
=338  \\$avolume$2rdacarrier
=500  \\$aDiscontinued.
=500  \\$aWanting 1831,1835.
=866  \0$ano.9, etc (2 Aug.1828-29 Dec.1866)
=883  0\$aLanguage codes assigned by Bayesian analysis of words present in record$d20201028$qUk$c0.9010
=852  41$31880$aBritish Library$bNPL$cEW$j398 [1880]
=852  \\$aBritish Library$bNPL$cEW
=852  \\$aBritish Library$bNPL$cEW
=852  41$31880$aBritish Library$bNPL$cEW$j398 [1880]
=852  41$aBritish Library$bNPL$jNEWS shelfmarks - see explore.bl.uk for full holdings
=852  41$aBritish Library$bHMNTS$zMicroform.$jMFM shelfmarks - see explore.bl.uk for full holdings
=852  41$aBritish Library$bNPL$jPENN shelfmarks - see explore.bl.uk for full holdings
=852  41$31832$aBritish Library$bHMNTS$jLOU.MISC398
=852  41$31844$aBritish Library$bHMNTS$jLOU.MISC394
=852  41$31847$aBritish Library$bHMNTS$jLOU.MISC440
=852  41$31848$aBritish Library$bHMNTS$jLOU.MISC440
=985  \\$aUpgraded by BSS-generated file for WR2011-1472
=CAT  \\$aBATCH-NPL$b00$c20070912$lBLL01$h1132
=CAT  \\$aRESET-LEV$b50$c20210902$lBLL01$h2127
=CAT  \\$aRESET-LEV$b50$c20211002$lBLL01$h1727
=CAT  \\$aRESET-LEV$b50$c20211102$lBLL01$h0306
=CAT  \\$aRESET-LEV$b50$c20211202$lBLL01$h2122
=CAT  \\$aRESET-LEV$b50$c20220103$lBLL01$h0033
=CAT  \\$aRESET-LEV$b50$c20220202$lBLL01$h0138
=CAT  \\$aRESET-LEV$b50$c20220302$lBLL01$h0054
=CAT  \\$aRESET-LEV$b50$c20220402$lBLL01$h1726
=CAT  \\$aRESET-LEV$b50$c20220502$lBLL01$h0241
=CAT  \\$aRESET-LEV$b50$c20220602$lBLL01$h2125
=CAT  \\$aRESET-LEV$b50$c20220702$lBLL01$h1728
=CAT  \\$aRESET-LEV$b50$c20220802$lBLL01$h0352
=CAT  \\$aRESET-LEV$b50$c20220902$lBLL01$h2220
=CAT  \\$aRESET-LEV$b50$c20221003$lBLL01$h0413
=CAT  \\$aRESET-LEV$b50$c20221102$lBLL01$h0232
=CAT  \\$aRESET-LEV$b50$c20221202$lBLL01$h2223
=CAT  \\$aRESET-LEV$b50$c20230102$lBLL01$h0258
=CAT  \\$aRESET-LEV$b50$c20230202$lBLL01$h2126
=CAT  \\$aRESET-LEV$b50$c20230302$lBLL01$h2134
=CAT  \\$aRESET-LEV$b50$c20230403$lBLL01$h0240
=CAT  \\$aRESET-LEV$b50$c20230502$lBLL01$h0323
=CAT  \\$aRESET-LEV$b50$c20230602$lBLL01$h2225
=CAT  \\$aRESET-LEV$b50$c20230703$lBLL01$h0506
=CAT  \\$aRESET-LEV$b50$c20230802$lBLL01$h0208
=CAT  \\$aRESET-LEV$b50$c20230902$lBLL01$h1737
=CAT  \\$aRESET-LEV$b50$c20231002$lBLL01$h0441
=FIN  \\$aY
=LEO  \\$aMP35.0000106675
=SRC  \\$aNPLv17$bbibmp35.20070831.aa
=TCO  \\$aZZZ$c008
=LAS  \\$aRESET-LEV$b50$c20231002$lBLL01$h0441

