=LDR  02507 as a2200589u  4500
=001  013899484
=003  Uk
=005  20201017093136.0
=008  950421d18871888||||||n|||\\\\0\\\||eng\\
=019  n\$aNLC0007308
=040  \\$aUk$cUk
=082  04$a072.2357$222
=245  04$aThe Margate & Ramsgate Chronicle and Thanet Free Press.
=336  \\$atext$2rdacontent
=337  \\$aunmediated$2rdamedia
=338  \\$avolume$2rdacarrier
=651  \0$aKent (England)$vNewspapers.
=651  \0$aMargate (England)$vNewspapers.
=752  \\$aEngland$bKent$dMargate.$2blnpn
=780  00$tThanet Free Press and General Advertiser$gno.204-399 (10 Feb.1882-11 June 1887)$w013899483
=785  00$tThanet Chronicle, etc$gno.521-555 (26 May 1888-9 Feb.1889)$w013899485
=852  \\$aBritish Library$bNPL$cEW
=852  41$aBritish Library$bNPL$jNEWS shelfmarks - see explore.bl.uk for full holdings
=852  41$aBritish Library$bHMNTS$z29 Jan - 26 May$zMicroform.$jMFM shelfmarks - see explore.bl.uk for full holdings
=866  \0$aNewspapers :no.400-520 (18 June 1887-19 May 1888)
=883  0\$aLanguage codes assigned by Bayesian analysis of words present in record$d20200826$qUk$c0.9919
=985  \\$aDisaggregated Record: NPL
=985  \\$aUpgraded by BSS-generated file for WR2009-0365
=CAT  \\$aBATCH-NPL$b00$c20070912$lBLL01$h1133
=CAT  \\$aBATCH-LINK$b00$c20070915$lBLL01$h0505
=CAT  \\$aBATCH-LINK$b00$c20070915$lBLL01$h0511
=CAT  \\$aBATCH-LINK$b00$c20070915$lBLL01$h0521
=CAT  \\$aBATCH$b00$c20070916$lBLL01$h1752
=CAT  \\$aB-BSS-DEL$b00$c20080331$lBLL01$h1541
=CAT  \\$aNPL-008-N$c20110504$lBLL01$h2212
=CAT  \\$aADD-NID$b00$c20110805$lBLL01$h1427
=CAT  \\$aWR11_021$c20111124$lBLL01$h1525
=CAT  \\$aWR11_021$c20111124$lBLL01$h1532
=CAT  \\$aNPL-LOCK$b77$c20140207$lBLL01$h2158
=CAT  \\$c20140214$lBLL01$h1741
=CAT  \\$aNSB-MIG$b50$c20140215$lBLL01$h0153
=CAT  \\$aRESET-LEV$b50$c20140302$lBLL01$h2343
=CAT  \\$aW2009-0365$b00$c20201017$lBLL01$h0931
=CAT  \\$aRESET-LEV$b50$c20201017$lBLL01$h1747
=FIN  \\$aY
=FMT  \\$a  SE
=LAS  \\$aRESET-LEV$b50$c20201017$lBLL01$h1747
=LEO  \\$aMP35.0000107169.1
=LKR  \\$aPAR$lBLL01$r78500$nThanet Chronicle, etc - no.521-555 (26 May 1888-9 Feb.1889)$b013899485$mThe Margate & Ramsgate Chronicle and Thanet Free Press. - no.400-520 (18 June 1887-19 May 1888)
=NID  \\$aNID0009516
=SRC  \\$aNPLv17$bbibmp35.20070831.aa
=TCO  \\$aZZZ$c008

