=LDR  04163cas a22008897a 4500
=001  013899968
=003  Uk
=005  20101029140250.0
=008  950421d18631902enkuu\n\\\\\\\0\\\a0eng\\
=FMT  \\$a  SE
=019  n\$aNLC0007736
=040  \\$aUk$cUk$dUk
=082  04$a072.268$222
=245  00$aWorthing express, Bognor, Littlehampton & Shoreham journal.
=336  \\$atext$2rdacontent
=337  \\$aunmediated$2rdamedia
=338  \\$avolume$2rdacarrier
=500  \\$aLocal edition of the Sussex Express.
=500  \\$aWanting 1899.
=500  \\$aMicrofilm: 1863, 1871, 1877, 1889.
=651  \0$aWest Sussex (England)$vNewspapers.
=651  \0$aWorthing (England)$vNewspapers.
=752  \\$aEngland$bWest Sussex$dWorthing.$2blnpn
=866  \0$aNewspapers :6 Jan.1863-30 Dec.1902.
=852  41$31881$aBritish Library$bNPL$cEW$j454 [1881]$xvariant edition: Tunbridge Wells & Tonbridge Weekly Express
=852  41$31878; Unfit for use$aBritish Library$bNPL$cEW$j391 [1878]$xvariant edition: Tunbridge Wells & Tonbridge Weekly Express
=852  41$31894$aBritish Library$bNPL$cEW$j585 [1894]
=852  \\$aBritish Library$bNPL$cLON
=852  41$31893$aBritish Library$bNPL$cLON$jLD40$xBound with Sunday Times
=852  41$31881$aBritish Library$bNPL$cEW$j454 [1881]$xvariant edition: Tunbridge Wells & Tonbridge Weekly Express
=852  41$31878; Unfit for use$aBritish Library$bNPL$cEW$j391 [1878]$xvariant edition: Tunbridge Wells & Tonbridge Weekly Express
=852  41$31894$aBritish Library$bNPL$cEW$j585 [1894]
=852  41$31897$aBritish Library$bNPL$cEW$j593 [1897]
=852  41$31881$aBritish Library$bNPL$cEW$j454 [1881]$xvariant edition: Tunbridge Wells & Tonbridge Weekly Express
=852  41$31878; Unfit for use$aBritish Library$bNPL$cEW$j391 [1878]$xvariant edition: Tunbridge Wells & Tonbridge Weekly Express
=852  41$31894$aBritish Library$bNPL$cEW$j585 [1894]
=852  41$aBritish Library$bNPL$jNEWS shelfmarks - see explore.bl.uk for full holdings
=852  41$aBritish Library$bHMNTS$zMicroform.$jMFM shelfmarks - see explore.bl.uk for full holdings
=852  41$31881$aBritish Library$bNPL$cEW$j454 [1881]$xvariant edition: Tunbridge Wells & Tonbridge Weekly Express
=852  41$31878; Unfit for use$aBritish Library$bNPL$cEW$j391 [1878]$xvariant edition: Tunbridge Wells & Tonbridge Weekly Express
=852  41$31894$aBritish Library$bNPL$cEW$j585 [1894]
=852  41$31897$aBritish Library$bNPL$cEW$j593 [1897]
=CAT  \\$aBATCH-NPL$b00$c20070912$lBLL01$h1133
=CAT  \\$aRESET-LEV$b50$c20210902$lBLL01$h2127
=CAT  \\$aRESET-LEV$b50$c20211002$lBLL01$h1727
=CAT  \\$aRESET-LEV$b50$c20211102$lBLL01$h0306
=CAT  \\$aRESET-LEV$b50$c20211202$lBLL01$h2123
=CAT  \\$aRESET-LEV$b50$c20220103$lBLL01$h0033
=CAT  \\$aRESET-LEV$b50$c20220202$lBLL01$h0138
=CAT  \\$aRESET-LEV$b50$c20220302$lBLL01$h0054
=CAT  \\$aRESET-LEV$b50$c20220402$lBLL01$h1726
=CAT  \\$aRESET-LEV$b50$c20220502$lBLL01$h0241
=CAT  \\$aRESET-LEV$b50$c20220602$lBLL01$h2125
=CAT  \\$aRESET-LEV$b50$c20220702$lBLL01$h1728
=CAT  \\$aRESET-LEV$b50$c20220802$lBLL01$h0352
=CAT  \\$aRESET-LEV$b50$c20220902$lBLL01$h2220
=CAT  \\$aRESET-LEV$b50$c20221003$lBLL01$h0413
=CAT  \\$aRESET-LEV$b50$c20221102$lBLL01$h0232
=CAT  \\$aRESET-LEV$b50$c20221202$lBLL01$h2224
=CAT  \\$aRESET-LEV$b50$c20230102$lBLL01$h0259
=CAT  \\$aRESET-LEV$b50$c20230202$lBLL01$h2126
=CAT  \\$aRESET-LEV$b50$c20230302$lBLL01$h2134
=CAT  \\$aRESET-LEV$b50$c20230403$lBLL01$h0240
=CAT  \\$aRESET-LEV$b50$c20230502$lBLL01$h0323
=CAT  \\$aRESET-LEV$b50$c20230602$lBLL01$h2225
=CAT  \\$aRESET-LEV$b50$c20230703$lBLL01$h0506
=CAT  \\$aRESET-LEV$b50$c20230802$lBLL01$h0208
=CAT  \\$aRESET-LEV$b50$c20230902$lBLL01$h1738
=CAT  \\$aRESET-LEV$b50$c20231002$lBLL01$h0442
=FIN  \\$aY
=LEO  \\$aMP35.0000107592
=LEO  \\$aTC.41502
=NID  \\$aNID0009933
=SRC  \\$aNPLv17$bbibtc.20070831.aa
=SRC  \\$aNPLv17$bbibmp35.20070831.aa
=TCO  \\$aCLA$bCLA$c008
=LAS  \\$aRESET-LEV$b50$c20231002$lBLL01$h0442

