=LDR  02281 as a2200577u  4500
=001  013900989
=003  Uk
=005  20201017093146.0
=008  950421d18541866||||||n|||\\\\0\\\||eng\\
=019  n\$aNLC0008645
=040  \\$aUk$cUk
=082  04$a072.335$222
=245  04$aThe Weymouth Journal, Portland and Bridport Chronicle, and Dorset General Advertiser.
=336  \\$atext$2rdacontent
=337  \\$aunmediated$2rdamedia
=338  \\$avolume$2rdacarrier
=500  \\$aIncorporated with the "Weymouth & Portland Guardian".
=651  \0$aDorset (England)$vNewspapers.
=651  \0$aWeymouth (Dorset, England)$vNewspapers.
=752  \\$aEngland$bDorset$dWeymouth.$2blnpn
=852  41$31897$aBritish Library$bNPL$cEW$j27 [1897]$xJul - Dec
=852  \\$aBritish Library$bNPL$cEW
=852  41$aBritish Library$bNPL$jNEWS shelfmarks - see explore.bl.uk for full holdings
=852  41$aBritish Library$bHMNTS$zMicroform.$jMFM shelfmarks - see explore.bl.uk for full holdings
=866  \0$aNewspapers :no.1-580 (7 Jan.-30 Sept.1854; 18 April 1856-23 Feb.1866)
=883  0\$aLanguage codes assigned by Bayesian analysis of words present in record$d20200826$qUk$c0.9919
=985  \\$aUpgraded by BSS-generated file for WR2009-0365
=CAT  \\$aBATCH-NPL$b00$c20070912$lBLL01$h1134
=CAT  \\$aBATCH$b00$c20070916$lBLL01$h1754
=CAT  \\$aB-BSS-DEL$b00$c20080331$lBLL01$h1541
=CAT  \\$aNPL-008-N$c20110504$lBLL01$h2213
=CAT  \\$aADD-NID$b00$c20110805$lBLL01$h1427
=CAT  \\$aWR11_021$c20111124$lBLL01$h1525
=CAT  \\$aWR11_021$c20111124$lBLL01$h1532
=CAT  \\$aNPL-LOCK$b77$c20140207$lBLL01$h2158
=CAT  \\$c20140214$lBLL01$h1741
=CAT  \\$aNSB-MIG$b50$c20140215$lBLL01$h0155
=CAT  \\$aNSB-MIG$b50$c20140215$lBLL01$h0156
=CAT  \\$aNSB-MIG$b50$c20140215$lBLL01$h0157
=CAT  \\$aNSB-MIG$b50$c20140215$lBLL01$h0158
=CAT  \\$aRESET-LEV$b50$c20140302$lBLL01$h2344
=CAT  \\$c20140411$lBLL01$h1326
=CAT  \\$aW2009-0365$b00$c20201017$lBLL01$h0931
=CAT  \\$aRESET-LEV$b50$c20201017$lBLL01$h1748
=FIN  \\$aY
=FMT  \\$a  SE
=LAS  \\$aRESET-LEV$b50$c20201017$lBLL01$h1748
=LEO  \\$aMP35.0000108486
=NID  \\$aNID0010804
=SRC  \\$aNPLv17$bbibmp35.20070831.aa
=TCO  \\$aZZZ$c008

