=LDR  06667cas a2201477u  4500
=001  013901670
=003  Uk
=005  20201017093149.0
=008  950421d19191940nikwr|n|||\\\\0\\\||eng\\
=FMT  \\$a  SE
=019  n\$aNLC0009350
=040  \\$aUk$cUk
=082  04$a072.9167$222
=245  04$aThe Weekly Northern Whig and Belfast Post.
=336  \\$atext$2rdacontent
=337  \\$aunmediated$2rdamedia
=338  \\$avolume$2rdacarrier
=500  \\$aMicrofilm: 1900,1926,1930.
=651  \0$aBelfast (Northern Ireland)$vNewspapers.
=651  \0$aNorthern Ireland$vNewspapers.
=752  \\$aIreland$dBelfast.$2blnpn
=780  00$tWeekly Northern Whig$gno.1-3185 (6 Feb.1858-7 June 1919)$w013901669
=866  \0$aNewspapers :no.3186-4269 (14 June 1919-27 April 1940)
=883  0\$aLanguage codes assigned by Bayesian analysis of words present in record$d20200826$qUk$c0.9919
=852  41$31858$aBritish Library$bNPL$cIRL$j27 [1858]
=852  41$31859$aBritish Library$bNPL$cIRL$j70 [1859]
=852  41$31860$aBritish Library$bNPL$cIRL$j65 [1860]
=852  41$31861$aBritish Library$bNPL$cIRL$j10 [1861]
=852  41$31862$aBritish Library$bNPL$cIRL$j66 [1862]
=852  41$31863$aBritish Library$bNPL$cIRL$j25 [1863]
=852  41$31864$aBritish Library$bNPL$cIRL$j2 [1864]
=852  41$31865$aBritish Library$bNPL$cIRL$j52 [1865]
=852  41$31866$aBritish Library$bNPL$cIRL$j56 [1866]
=852  41$31867$aBritish Library$bNPL$cIRL$j83 [1867]
=852  41$31868$aBritish Library$bNPL$cIRL$j51 [1868]
=852  41$31869$aBritish Library$bNPL$cIRL$j31 [1869]
=852  41$31870$aBritish Library$bNPL$cIRL$j45 [1870]
=852  41$31871$aBritish Library$bNPL$cIRL$j50 [1871]
=852  41$31872$aBritish Library$bNPL$cIRL$j37 [1872]
=852  41$31873$aBritish Library$bNPL$cIRL$j40 [1873]
=852  41$31874$aBritish Library$bNPL$cIRL$j40 [1874]
=852  41$31876$aBritish Library$bNPL$cIRL$j70 [1876]
=852  41$31877$aBritish Library$bNPL$cIRL$j52 [1877]
=852  41$31878$aBritish Library$bNPL$cIRL$j41 [1878]
=852  41$31879$aBritish Library$bNPL$cIRL$j12 [1879]
=852  41$31880$aBritish Library$bNPL$cIRL$j46 [1880]
=852  41$31882$aBritish Library$bNPL$cIRL$j34 [1882]
=852  41$31883$aBritish Library$bNPL$cIRL$j48 [1883]
=852  41$31884$aBritish Library$bNPL$cIRL$j13 [1884]
=852  41$31885$aBritish Library$bNPL$cIRL$j64A [1885]
=852  41$31886$aBritish Library$bNPL$cIRL$j31 [1886]
=852  41$31887$aBritish Library$bNPL$cIRL$j40 [1887]
=852  41$31888$aBritish Library$bNPL$cIRL$j83 [1888]
=852  41$31889$aBritish Library$bNPL$cIRL$j103 [1889]
=852  41$31890$aBritish Library$bNPL$cIRL$j77A [1890]
=852  41$31891$aBritish Library$bNPL$cIRL$j65 [1891]
=852  41$31892$aBritish Library$bNPL$cIRL$j32 [1892]
=852  41$31893$aBritish Library$bNPL$cIRL$j83 [1893]
=852  41$31894$aBritish Library$bNPL$cIRL$j28 [1894]
=852  41$31895$aBritish Library$bNPL$cIRL$j104 [1895]
=852  41$31896$aBritish Library$bNPL$cIRL$j25 [1896]
=852  41$31911$aBritish Library$bNPL$cIRL$j311 [1911]
=852  41$31912$aBritish Library$bHMNTS$zJul-Dec$zMicroform
=852  41$31894$aBritish Library$bNPL$cIRL$j112 [1894]
=852  41$31895$aBritish Library$bNPL$cIRL$j8 [1895]
=852  41$31896$aBritish Library$bNPL$cIRL$j21 [1896]
=852  41$31891$aBritish Library$bNPL$cIRL$j84 [1891]
=852  41$31892$aBritish Library$bNPL$cIRL$j29 [1892]
=852  41$31893$aBritish Library$bNPL$cIRL$j66 [1893]
=852  41$31894$aBritish Library$bNPL$cIRL$j91 [1894]
=852  41$31895$aBritish Library$bNPL$cIRL$j84 [1895]
=852  41$31896$aBritish Library$bNPL$cIRL$j68 [1896]
=852  41$31857$aBritish Library$bNPL$cIRL$j3 [1857]
=852  41$31858$aBritish Library$bNPL$cIRL$j45 [1858]
=852  41$31859$aBritish Library$bNPL$cIRL$j33 [1859]
=852  41$31860$aBritish Library$bNPL$cIRL$j55 [1860]
=852  41$31861$aBritish Library$bNPL$cIRL$j28 [1861]
=852  41$31862$aBritish Library$bNPL$cIRL$j48 [1862]
=852  41$31863$aBritish Library$bNPL$cIRL$j29 [1863]
=852  41$31864$aBritish Library$bNPL$cIRL$j4 [1864]
=852  41$31865$aBritish Library$bNPL$cIRL$j32 [1865]
=852  41$31866$aBritish Library$bNPL$cIRL$j60 [1866]
=852  41$31867$aBritish Library$bNPL$cIRL$j44 [1867]
=852  41$31868$aBritish Library$bNPL$cIRL$j51 [1868]
=852  41$31869$aBritish Library$bNPL$cIRL$j38 [1869]
=852  41$31870$aBritish Library$bNPL$cIRL$j59 [1870]
=852  41$31871$aBritish Library$bNPL$cIRL$j61 [1871]
=852  41$31872$aBritish Library$bNPL$cIRL$j69 [1872]
=852  41$31873$aBritish Library$bNPL$cIRL$j41 [1873]
=852  41$31874$aBritish Library$bNPL$cIRL$j19 [1874]
=852  41$31876$aBritish Library$bNPL$cIRL$j41 [1876]
=852  41$31877$aBritish Library$bNPL$cIRL$j54 [1877]
=852  41$31878$aBritish Library$bNPL$cIRL$j7 [1878]
=852  41$31883$aBritish Library$bNPL$cIRL$j47 [1883]
=852  41$31884$aBritish Library$bNPL$cIRL$j81 [1884]
=852  41$31885$aBritish Library$bNPL$cIRL$j83 [1885]
=852  41$31886$aBritish Library$bNPL$cIRL$j54A [1886]
=852  41$31887$aBritish Library$bNPL$cIRL$j41 [1887]
=852  41$31888$aBritish Library$bNPL$cIRL$j4 [1888]
=852  41$31889$aBritish Library$bNPL$cIRL$j49 [1889]
=852  41$31890$aBritish Library$bNPL$cIRL$j27 [1890]
=852  41$aBritish Library$bNPL$jNEWS shelfmarks - see explore.bl.uk for full holdings
=852  41$aBritish Library$bHMNTS$zMicroform.$jMFM shelfmarks - see explore.bl.uk for full holdings
=985  \\$aDisaggregated Record: NPL
=985  \\$aUpgraded by BSS-generated file for WR2009-0365
=CAT  \\$aBATCH-NPL$b00$c20070912$lBLL01$h1135
=CAT  \\$aBATCH-LINK$b00$c20070915$lBLL01$h0505
=CAT  \\$aBATCH$b00$c20070916$lBLL01$h1755
=CAT  \\$aB-BSS-DEL$b00$c20080331$lBLL01$h1541
=CAT  \\$aNPL-008-N$c20110504$lBLL01$h2214
=CAT  \\$aADD-NID$b00$c20110805$lBLL01$h1427
=CAT  \\$aWR11_021$c20111124$lBLL01$h1525
=CAT  \\$aWR11_021$c20111124$lBLL01$h1532
=CAT  \\$aNPL-LOCK$b77$c20140207$lBLL01$h2159
=CAT  \\$c20140214$lBLL01$h1741
=CAT  \\$aNSB-MIG$b50$c20140215$lBLL01$h0150
=CAT  \\$aRESET-LEV$b50$c20140302$lBLL01$h2345
=CAT  \\$a8874N$b50$c20170523$lBLL01$h0756
=CAT  \\$aW2009-0365$b00$c20201017$lBLL01$h0931
=CAT  \\$aRESET-LEV$b50$c20201017$lBLL01$h1748
=FIN  \\$aY
=LEO  \\$aMP35.0000109181.1
=NID  \\$aNID0011306
=SRC  \\$aNPLv17$bbibmp35.20070831.aa
=TCO  \\$aZZZ$c008
=LAS  \\$aRESET-LEV$b50$c20201017$lBLL01$h1748

