=LDR  03683 as a2200865u  4500
=001  013901964
=003  Uk
=005  20201017093150.0
=008  950421d19171921|||dr|n|||\\\\0\\\||eng\\
=019  n\$aNLC0009695
=040  \\$aUk$cUk
=082  04$a072.91835$222
=245  04$aThe Daily Express and Irish Daily Mail.
=336  \\$atext$2rdacontent
=337  \\$aunmediated$2rdamedia
=338  \\$avolume$2rdacarrier
=500  \\$aMicrofilm: 1851-1896; Jan.-June 1921.
=651  \0$aDublin (Ireland : County)$vNewspapers.
=651  \0$aDublin (Ireland)$vNewspapers.
=752  \\$aIreland$bCo. Dublin$dDublin.$2blnpn
=780  00$tDaily Express$gno.1-21780 (3 Feb.1851-10 Feb.1917)$w013901963
=852  \\$aBritish Library$bNPL$cIRL
=852  41$31855$aBritish Library$bNPL$cIRL$j24 [1855]
=852  41$31856$aBritish Library$bNPL$cIRL$j39 [1856]
=852  41$31857$aBritish Library$bNPL$cIRL$j28 [1857]
=852  41$31858$aBritish Library$bNPL$cIRL$j23 [1858]
=852  41$31861$aBritish Library$bNPL$cIRL$j33 [1861]
=852  41$31862$aBritish Library$bNPL$cIRL$j43 [1862]
=852  41$31863$aBritish Library$bNPL$cIRL$j27 [1863]
=852  41$31864$aBritish Library$bNPL$cIRL$j6 [1864]
=852  41$31865$aBritish Library$bNPL$cIRL$j29 [1865]
=852  41$31866$aBritish Library$bNPL$cIRL$j59 [1866]
=852  41$31867$aBritish Library$bNPL$cIRL$j43 [1867]
=852  41$31868$aBritish Library$bNPL$cIRL$j40 [1868]
=852  41$31869$aBritish Library$bNPL$cIRL$j39 [1869]
=852  41$31870$aBritish Library$bNPL$cIRL$j52 [1870]
=852  41$31871$aBritish Library$bNPL$cIRL$j60 [1871]
=852  41$31871$aBritish Library$bNPL$cIRL$j59 [1871]
=852  41$31872$aBritish Library$bNPL$cIRL$j65 [1872]
=852  41$31872$aBritish Library$bNPL$cIRL$j64 [1872]
=852  41$31873$aBritish Library$bNPL$cIRL$j50-52 [1873]
=852  41$31874$aBritish Library$bNPL$cIRL$j18 [1874]
=852  41$31876$aBritish Library$bNPL$cIRL$j60 [1876]
=852  41$31876$aBritish Library$bNPL$cIRL$j59 [1876]
=852  41$31877$aBritish Library$bNPL$cIRL$j44 [1877]
=852  41$31877$aBritish Library$bNPL$cIRL$j43 [1877]
=852  41$31878$aBritish Library$bNPL$cIRL$j52-54 [1878]
=852  41$31879$aBritish Library$bNPL$cIRL$j49-51 [1879]
=852  41$31880$aBritish Library$bNPL$cIRL$j34-36 [1880]
=852  41$aBritish Library$bNPL$jNEWS shelfmarks - see explore.bl.uk for full holdings
=852  41$aBritish Library$bHMNTS$zNov-Dec$zMicroform.$jMFM shelfmarks - see explore.bl.uk for full holdings
=866  \0$aNewspapers :no.21781-22830 (12 Feb.1917-18 June 1921)
=883  0\$aLanguage codes assigned by Bayesian analysis of words present in record$d20200826$qUk$c0.9919
=985  \\$aDisaggregated Record: NPL
=985  \\$aUpgraded by BSS-generated file for WR2009-0365
=CAT  \\$aBATCH-NPL$b00$c20070912$lBLL01$h1135
=CAT  \\$aBATCH-LINK$b00$c20070915$lBLL01$h0505
=CAT  \\$aBATCH$b00$c20070916$lBLL01$h1755
=CAT  \\$aB-BSS-DEL$b00$c20080331$lBLL01$h1542
=CAT  \\$aNPL-008-N$c20110504$lBLL01$h2214
=CAT  \\$aADD-NID$b00$c20110805$lBLL01$h1427
=CAT  \\$aWR11_021$c20111124$lBLL01$h1525
=CAT  \\$aWR11_021$c20111124$lBLL01$h1532
=CAT  \\$aNPL-LOCK$b77$c20140207$lBLL01$h2159
=CAT  \\$c20140214$lBLL01$h1741
=CAT  \\$aNSB-MIG$b50$c20140215$lBLL01$h0150
=CAT  \\$aW2009-0365$b00$c20201017$lBLL01$h0931
=CAT  \\$aRESET-LEV$b50$c20201017$lBLL01$h1748
=FIN  \\$aY
=FMT  \\$a  SE
=LAS  \\$aRESET-LEV$b50$c20201017$lBLL01$h1748
=LEO  \\$aMP35.0000109522.1
=NID  \\$aNID0011533
=SRC  \\$aNPLv17$bbibmp35.20070831.aa
=TCO  \\$aZZZ$c008

