=LDR  02299 as a2200565u  4500
=001  013902747
=003  Uk
=005  20201127181345.0
=008  950421d18941941||||||n|||\\\\0\\\||eng\\
=019  n\$aNLC0010550
=040  \\$aUk$cUk
=082  04$a072.9196$222
=245  00$aKerry News.
=336  \\$atext$2rdacontent
=337  \\$aunmediated$2rdamedia
=338  \\$avolume$2rdacarrier
=500  \\$a1919 imperfect.
=500  \\$aMicrofilm: Jan.-Dec.1900; Feb.-Oct.1930; Aug.1939-June 1941.
=651  \0$aKerry (Ireland)$vNewspapers.
=651  \0$aTralee (Ireland)$vNewspapers.
=752  \\$aIreland$bCo. Kerry$dTralee.$2blnpn
=852  41$31897-1939$aBritish Library$bNPL$jNEWS7298
=852  41$31912$aBritish Library$bHMNTS$zJul-Dec$zMicroform
=852  41$31895$aBritish Library$bHMNTS$zMicroform.$jMFM.M13494 [1895]
=852  41$31896$aBritish Library$bHMNTS$zMicroform.$jMFM.M13495 [1896]
=852  41$31900$aBritish Library$bHMNTS$zMicroform.$jMFM.M5520 [1900]
=852  41$31930$aBritish Library$bHMNTS$z19 Feb - 15 Oct$zMicroform.$jMFM.M3221 [1930]
=852  41$31939$aBritish Library$bHMNTS$zMicroform.$jMFM.M4844 [1939]
=852  41$31940$aBritish Library$bHMNTS$zMicroform.$jMFM.M4845 [1940]
=852  41$31941$aBritish Library$bHMNTS$zMicroform.$jMFM.M4846 [1941]
=866  \0$aNewspapers :no.1, etc (23 Jan.1894-13 Aug.1920; 15 Aug.1927-27 Dec.1929; 19 Feb.-15 Oct.1930; 2 Jan.1931-16 June 1941)
=883  0\$aLanguage codes assigned by Bayesian analysis of words present in record$d20201028$qUk$c0.9010
=985  \\$aUpgraded by BSS-generated file for WR2011-1472
=CAT  \\$aBATCH-NPL$b00$c20070912$lBLL01$h1136
=CAT  \\$aBATCH$b00$c20070916$lBLL01$h1756
=CAT  \\$aB-BSS-DEL$b00$c20080331$lBLL01$h1542
=CAT  \\$aNPL-008-N$c20110504$lBLL01$h2214
=CAT  \\$aADD-NID$b00$c20110805$lBLL01$h1427
=CAT  \\$aWR11_021$c20111124$lBLL01$h1525
=CAT  \\$aWR11_021$c20111124$lBLL01$h1532
=CAT  \\$aNPL-LOCK$b77$c20140207$lBLL01$h2159
=CAT  \\$c20140214$lBLL01$h1742
=CAT  \\$aW2011-1472$b00$c20201127$lBLL01$h1813
=FIN  \\$aY
=FMT  \\$a  SE
=LAS  \\$aW2011-1472$b00$c20201127$lBLL01$h1813
=LEO  \\$aMP35.0000110357
=NID  \\$aNID0011993
=SRC  \\$aNPLv17$bbibmp35.20070831.aa
=TCO  \\$aZZZ$c008

