=LDR  05352cas a2201069u  4500
=001  013902754
=003  Uk
=005  20201127181345.0
=008  950421d19141939||||||n|||\\\\0\\\||eng\\
=FMT  \\$a  SE
=019  n\$aNLC0010556
=040  \\$aUk$cUk
=082  04$a072.9196$222
=245  04$aThe Liberator.
=336  \\$atext$2rdacontent
=337  \\$aunmediated$2rdamedia
=338  \\$avolume$2rdacarrier
=500  \\$aMicrofilm only: July 1914-Dec.1915; 4 Jan.-10 June 1919; 7 Aug.1923-31 Dec.1927.
=651  \0$aKerry (Ireland)$vNewspapers.
=651  \0$aTralee (Ireland)$vNewspapers.
=752  \\$aIreland$bCo. Kerry$dTralee.$2blnpn
=866  \0$aNewspapers :no.1, etc (21 July 1914 - 14 April 1921; 7 Aug.1923 - 29 July 1939)
=883  0\$aLanguage codes assigned by Bayesian analysis of words present in record$d20201028$qUk$c0.9010
=852  41$31902-1925$aBritish Library$bNPL$jNEWS3101
=852  41$31918$aBritish Library$bHMNTS$zMicroform.$jMFM.M42086 [1918]
=852  41$31920$aBritish Library$bHMNTS$zMicroform.$jMFM.M42087 [1920]
=852  41$31921$aBritish Library$bHMNTS$zJun - Dec$zMicroform.$jMFM.M73348 [1921]
=852  41$31902$aBritish Library$bHMNTS$zMicroform.$jMFM.M42072 [1902]
=852  41$31903$aBritish Library$bHMNTS$zMicroform.$jMFM.M42073 [1903]
=852  41$31904$aBritish Library$bHMNTS$zMicroform.$jMFM.M42074 [1904]
=852  41$31905$aBritish Library$bHMNTS$zMicroform.$jMFM.M42075 [1905]
=852  41$31906$aBritish Library$bHMNTS$zMicroform.$jMFM.M42076 [1906]
=852  41$31907$aBritish Library$bHMNTS$zMicroform.$jMFM.M42077 [1907]
=852  41$31908$aBritish Library$bHMNTS$zMicroform.$jMFM.M42078 [1908]
=852  41$31909$aBritish Library$bHMNTS$zMicroform.$jMFM.M42079 [1909]
=852  41$31910$aBritish Library$bHMNTS$zMicroform.$jMFM.M42080 [1910]
=852  41$31911$aBritish Library$bHMNTS$zMicroform.$jMFM.M42081 [1911]
=852  41$31912$aBritish Library$bHMNTS$zMicroform.$jMFM.M42082 [1912]
=852  41$31913$aBritish Library$bHMNTS$zMicroform.$jMFM.M42083 [1913]
=852  41$31914$aBritish Library$bHMNTS$zMicroform.$jMFM.M42084 [1914]
=852  41$31915$aBritish Library$bHMNTS$zMicroform.$jMFM.M5578 [1915]
=852  41$31916$aBritish Library$bHMNTS$zMicroform.$jMFM.M42085 [1916]
=852  41$31917$aBritish Library$bHMNTS$zMicroform.$jMFM.M42086 [1917]
=852  41$31919$aBritish Library$bHMNTS$zMicroform.$jMFM.M42087 [1919]
=852  41$31922$aBritish Library$bHMNTS$zMicroform.$jMFM.M42088 [1922]
=852  41$31923$aBritish Library$bHMNTS$zMicroform.$jMFM.M42089 [1923]
=852  41$31924$aBritish Library$bHMNTS$zMicroform.$jMFM.M42090 [1924]
=852  41$32007-6th Sep. (2023)$aBritish Library$bNPL$jNEWS.REG317
=852  41$31904-1985$aBritish Library$bNPL$jNEWS16292
=852  41$31897-1939$aBritish Library$bNPL$jNEWS7298
=852  41$31912$aBritish Library$bHMNTS$zJul-Dec$zMicroform
=852  41$31895$aBritish Library$bHMNTS$zMicroform.$jMFM.M13494 [1895]
=852  41$31896$aBritish Library$bHMNTS$zMicroform.$jMFM.M13495 [1896]
=852  41$31900$aBritish Library$bHMNTS$zMicroform.$jMFM.M5520 [1900]
=852  41$31930$aBritish Library$bHMNTS$z19 Feb - 15 Oct$zMicroform.$jMFM.M3221 [1930]
=852  41$31939$aBritish Library$bHMNTS$zMicroform.$jMFM.M4844 [1939]
=852  41$31940$aBritish Library$bHMNTS$zMicroform.$jMFM.M4845 [1940]
=852  41$31941$aBritish Library$bHMNTS$zMicroform.$jMFM.M4846 [1941]
=852  41$31894$aBritish Library$bNPL$cIRL$j112 [1894]
=852  41$31895$aBritish Library$bNPL$cIRL$j8 [1895]
=852  41$31896$aBritish Library$bNPL$cIRL$j21 [1896]
=852  41$31915-1939$aBritish Library$bNPL$jNEWS7304
=852  41$31914$aBritish Library$bHMNTS$zMicroform.$jMFM.M4858 [1914]
=852  41$31915$aBritish Library$bHMNTS$zMicroform.$jMFM.M4859 [1915]
=852  41$31919$aBritish Library$bHMNTS$zJan. - June$zMicroform.$jMFM.M4860 [1919]
=852  41$31923$aBritish Library$bHMNTS$zMicroform.$jMFM.M4861 [1923]
=852  41$31924$aBritish Library$bHMNTS$zMicroform.$jMFM.M4862 [1924]
=852  41$31925$aBritish Library$bHMNTS$zMicroform.$jMFM.M4863 [1925]
=852  41$31926$aBritish Library$bHMNTS$zMicroform.$jMFM.M4865 [1926]
=852  41$31926$aBritish Library$bHMNTS$zMicroform.$jMFM.M4864 [1926]
=852  41$31927$aBritish Library$bHMNTS$zMicroform.$jMFM.M4867 [1927]
=852  41$31927$aBritish Library$bHMNTS$zMicroform.$jMFM.M4866 [1927]
=985  \\$aUpgraded by BSS-generated file for WR2011-1472
=CAT  \\$aBATCH-NPL$b00$c20070912$lBLL01$h1136
=CAT  \\$aBATCH$b00$c20070916$lBLL01$h1756
=CAT  \\$aB-BSS-DEL$b00$c20080331$lBLL01$h1542
=CAT  \\$aNPL-008-N$c20110504$lBLL01$h2214
=CAT  \\$aADD-NID$b00$c20110805$lBLL01$h1427
=CAT  \\$aWR11_021$c20111124$lBLL01$h1525
=CAT  \\$aWR11_021$c20111124$lBLL01$h1532
=CAT  \\$aNPL-LOCK$b77$c20140207$lBLL01$h2159
=CAT  \\$c20140214$lBLL01$h1742
=CAT  \\$aNSB-MIG$b50$c20140215$lBLL01$h0150
=CAT  \\$aRESET-LEV$b50$c20140302$lBLL01$h2346
=CAT  \\$aW2011-1472$b00$c20201127$lBLL01$h1813
=CAT  \\$aRESET-LEV$b50$c20201127$lBLL01$h2240
=FIN  \\$aY
=LEO  \\$aMP35.0000110363
=NID  \\$aNID0012000
=SRC  \\$aNPLv17$bbibmp35.20070831.aa
=TCO  \\$aZZZ$c008
=LAS  \\$aRESET-LEV$b50$c20201127$lBLL01$h2240

