=LDR  08662 as a2201909u  4500
=001  013902796
=003  Uk
=005  20201017093153.0
=008  950421d18451847||||||n|||\\\\0\\\||eng\\
=019  n\$aNLC0010602
=040  \\$aUk$cUk
=082  04$a072.91915$222
=245  04$aThe Waterford Freeman.
=336  \\$atext$2rdacontent
=337  \\$aunmediated$2rdamedia
=338  \\$avolume$2rdacarrier
=500  \\$aMicrofilm.
=651  \0$aWaterford (Ireland : County)$vNewspapers.
=651  \0$aWaterford (Ireland)$vNewspapers.
=752  \\$aIreland$bCo. Waterford$dWaterford.$2blnpn
=852  41$31860$aBritish Library$bNPL$cIRL$j28 [1860]
=852  \\$aBritish Library$bNPL$cIRL
=852  \\$aBritish Library$bNPL$cIRL
=852  \\$aBritish Library$bNPL$cIRL
=852  \\$aBritish Library$bNPL$cIRL
=852  \\$aBritish Library$bNPL$cIRL
=852  \\$aBritish Library$bNPL$cIRL
=852  41$31851$aBritish Library$bNPL$cIRL$j29 [1851]
=852  41$31852$aBritish Library$bNPL$cIRL$j52 [1852]
=852  41$31853$aBritish Library$bNPL$cIRL$j29 [1853]
=852  41$31854$aBritish Library$bNPL$cIRL$j36 [1854]
=852  41$31855$aBritish Library$bNPL$cIRL$j58 [1855]
=852  41$31856$aBritish Library$bNPL$cIRL$j42 [1856]
=852  41$31857$aBritish Library$bNPL$cIRL$j49 [1857]
=852  41$31858$aBritish Library$bNPL$cIRL$j45 [1858]
=852  41$31859$aBritish Library$bNPL$cIRL$j61 [1859]
=852  41$31863$aBritish Library$bNPL$cIRL$j59 [1863]
=852  41$31861$aBritish Library$bNPL$cIRL$j29 [1861]
=852  41$31862$aBritish Library$bNPL$cIRL$j55 [1862]
=852  41$31864$aBritish Library$bNPL$cIRL$j54 [1864]
=852  41$31865$aBritish Library$bNPL$cIRL$j34 [1865]
=852  41$31866$aBritish Library$bNPL$cIRL$j40 [1866]
=852  41$31867$aBritish Library$bNPL$cIRL$j28 [1867]
=852  41$31868$aBritish Library$bNPL$cIRL$j11 [1868]
=852  41$31869$aBritish Library$bNPL$cIRL$j46 [1869]
=852  41$31870$aBritish Library$bNPL$cIRL$j19 [1870]
=852  41$31871$aBritish Library$bNPL$cIRL$j67 [1871]
=852  41$31872$aBritish Library$bNPL$cIRL$j66 [1872]
=852  41$31873$aBritish Library$bNPL$cIRL$j1 [1873]
=852  41$31879$aBritish Library$bNPL$cIRL$j68 [1879]
=852  41$31880$aBritish Library$bNPL$cIRL$j74 [1880]
=852  41$31881$aBritish Library$bNPL$cIRL$j13 [1881]
=852  41$31882$aBritish Library$bNPL$cIRL$j43 [1882]
=852  41$31883$aBritish Library$bNPL$cIRL$j59 [1883]
=852  41$31884$aBritish Library$bNPL$cIRL$j15 [1884]
=852  41$31886$aBritish Library$bNPL$cIRL$j47 [1886]
=852  41$31888$aBritish Library$bNPL$cIRL$j75 [1888]
=852  41$31889$aBritish Library$bNPL$cIRL$j51 [1889]
=852  41$31851$aBritish Library$bNPL$cIRL$j17 [1851]
=852  41$31852$aBritish Library$bNPL$cIRL$j26 [1852]
=852  41$31853$aBritish Library$bNPL$cIRL$j15 [1853]
=852  41$31854$aBritish Library$bNPL$cIRL$j56 [1854]
=852  41$31855$aBritish Library$bNPL$cIRL$j18 [1855]
=852  41$31856$aBritish Library$bNPL$cIRL$j52 [1856]
=852  41$31857$aBritish Library$bNPL$cIRL$j40 [1857]
=852  41$31858$aBritish Library$bNPL$cIRL$j61 [1858]
=852  41$31859$aBritish Library$bNPL$cIRL$j68 [1859]
=852  41$31860$aBritish Library$bNPL$cIRL$j60 [1860]
=852  41$31861$aBritish Library$bNPL$cIRL$j1 [1861]
=852  41$31862$aBritish Library$bNPL$cIRL$j64 [1862]
=852  41$31863$aBritish Library$bNPL$cIRL$j15 [1863]
=852  41$31864$aBritish Library$bNPL$cIRL$j62 [1864]
=852  41$31865$aBritish Library$bNPL$cIRL$j52 [1865]
=852  41$31866$aBritish Library$bNPL$cIRL$j9 [1866]
=852  41$31867$aBritish Library$bNPL$cIRL$j63 [1867]
=852  41$31868$aBritish Library$bNPL$cIRL$j19 [1868]
=852  41$31869$aBritish Library$bNPL$cIRL$j63 [1869]
=852  41$31870$aBritish Library$bNPL$cIRL$j4 [1870]
=852  41$31871$aBritish Library$bNPL$cIRL$j64 [1871]
=852  41$31872$aBritish Library$bNPL$cIRL$j52 [1872]
=852  41$31873$aBritish Library$bNPL$cIRL$j37 [1873]
=852  41$31874$aBritish Library$bNPL$cIRL$j31 [1874]
=852  41$31875$aBritish Library$bNPL$cIRL$j47 [1875]
=852  41$31876$aBritish Library$bNPL$cIRL$j53 [1876]
=852  41$31877$aBritish Library$bNPL$cIRL$j42 [1877]
=852  41$31878$aBritish Library$bNPL$cIRL$j60 [1878]
=852  41$31879$aBritish Library$bNPL$cIRL$j54 [1879]
=852  41$31880$aBritish Library$bNPL$cIRL$j64 [1880]
=852  41$31882$aBritish Library$bNPL$cIRL$j14 [1882]
=852  41$31883$aBritish Library$bNPL$cIRL$j81 [1883]
=852  41$31884$aBritish Library$bNPL$cIRL$j69 [1884]
=852  41$31885$aBritish Library$bNPL$cIRL$j6 [1885]
=852  41$31886$aBritish Library$bNPL$cIRL$j2 [1886]
=852  41$31888$aBritish Library$bNPL$cIRL$j9 [1888]
=852  41$31888$aBritish Library$bNPL$cIRL$j78 [1888]
=852  41$31889$aBritish Library$bNPL$cIRL$j58 [1889]
=852  41$31890$aBritish Library$bNPL$cIRL$j50 [1890]
=852  41$31851$aBritish Library$bNPL$cIRL$j23 [1851]
=852  41$31852$aBritish Library$bNPL$cIRL$j28 [1852]
=852  41$31853$aBritish Library$bNPL$cIRL$j19 [1853]
=852  41$31854$aBritish Library$bNPL$cIRL$j33 [1854]
=852  41$31855$aBritish Library$bNPL$cIRL$j53 [1855]
=852  41$31856$aBritish Library$bNPL$cIRL$j43 [1856]
=852  41$31857$aBritish Library$bNPL$cIRL$j3 [1857]
=852  41$31858$aBritish Library$bNPL$cIRL$j22 [1858]
=852  41$31859$aBritish Library$bNPL$cIRL$j35 [1859]
=852  41$31860$aBritish Library$bNPL$cIRL$j53 [1860]
=852  41$31861$aBritish Library$bNPL$cIRL$j32 [1861]
=852  41$31862$aBritish Library$bNPL$cIRL$j8 [1862]
=852  41$31863$aBritish Library$bNPL$cIRL$j70 [1863]
=852  41$31864$aBritish Library$bNPL$cIRL$j11 [1864]
=852  41$31865$aBritish Library$bNPL$cIRL$j58A [1865]
=852  41$31866$aBritish Library$bNPL$cIRL$j61 [1866]
=852  41$31867$aBritish Library$bNPL$cIRL$j59 [1867]
=852  41$31868$aBritish Library$bNPL$cIRL$j42 [1868]
=852  41$31869$aBritish Library$bNPL$cIRL$j43 [1869]
=852  41$31870$aBritish Library$bNPL$cIRL$j19 [1870]
=852  41$31874$aBritish Library$bNPL$cIRL$j20 [1874]
=852  41$31875$aBritish Library$bNPL$cIRL$j35 [1875]
=852  41$31876$aBritish Library$bNPL$cIRL$j22 [1876]
=852  41$31877$aBritish Library$bNPL$cIRL$j54 [1877]
=852  41$31878$aBritish Library$bNPL$cIRL$j8 [1878]
=852  41$31879$aBritish Library$bNPL$cIRL$j75 [1879]
=852  41$31880$aBritish Library$bNPL$cIRL$j24 [1880]
=852  41$31881$aBritish Library$bNPL$cIRL$j54 [1881]
=852  41$31882$aBritish Library$bNPL$cIRL$j14 [1882]
=852  41$31886$aBritish Library$bNPL$cIRL$j30 [1886]
=852  41$31887$aBritish Library$bNPL$cIRL$j37 [1887]
=852  41$31888$aBritish Library$bNPL$cIRL$j30 [1888]
=852  41$31889$aBritish Library$bNPL$cIRL$j30 [1889]
=852  41$31890$aBritish Library$bNPL$cIRL$j88 [1890]
=852  41$31891$aBritish Library$bNPL$cIRL$j61 [1891]
=852  41$31892$aBritish Library$bNPL$cIRL$j80 [1892]
=852  41$31893$aBritish Library$bNPL$cIRL$j48 [1893]
=852  41$31894$aBritish Library$bNPL$cIRL$j77 [1894]
=852  41$31895$aBritish Library$bNPL$cIRL$j102 [1895]
=852  41$31896$aBritish Library$bNPL$cIRL$j71 [1896]
=852  41$aBritish Library$bNPL$jNEWS shelfmarks - see explore.bl.uk for full holdings
=852  41$aBritish Library$bHMNTS$zMicroform.$jMFM shelfmarks - see explore.bl.uk for full holdings
=866  \0$aNewspapers :no.1-186 (12 July 1845-24 April 1847)
=883  0\$aLanguage codes assigned by Bayesian analysis of words present in record$d20200826$qUk$c0.9919
=985  \\$aUpgraded by BSS-generated file for WR2009-0365
=CAT  \\$aBATCH-NPL$b00$c20070912$lBLL01$h1136
=CAT  \\$aBATCH$b00$c20070916$lBLL01$h1756
=CAT  \\$aB-BSS-DEL$b00$c20080331$lBLL01$h1542
=CAT  \\$aNPL-008-N$c20110504$lBLL01$h2215
=CAT  \\$aADD-NID$b00$c20110805$lBLL01$h1427
=CAT  \\$aWR11_021$c20111124$lBLL01$h1525
=CAT  \\$aWR11_021$c20111124$lBLL01$h1532
=CAT  \\$aNPL-LOCK$b77$c20140207$lBLL01$h2159
=CAT  \\$c20140214$lBLL01$h1742
=CAT  \\$aNSB-MIG$b50$c20140215$lBLL01$h0150
=CAT  \\$aRESET-LEV$b50$c20140302$lBLL01$h2346
=CAT  \\$aW2009-0365$b00$c20201017$lBLL01$h0931
=CAT  \\$aRESET-LEV$b50$c20201017$lBLL01$h1748
=FIN  \\$aY
=FMT  \\$a  SE
=LAS  \\$aRESET-LEV$b50$c20201017$lBLL01$h1748
=LEO  \\$aMP35.0000110407
=NID  \\$aNID0012035
=SRC  \\$aNPLv17$bbibmp35.20070831.aa
=TCO  \\$aZZZ$c008

