=LDR  02583 as a2200673u  4500
=001  013902935
=003  Uk
=005  20201017093154.0
=008  950421d18691972||||||n|||\\\\0\\\||eng\\
=019  n\$aNLC0010707
=040  \\$aUk$cUk
=082  04$a072.134$222
=245  04$aThe Kensington News and West London Times.
=336  \\$atext$2rdacontent
=337  \\$aunmediated$2rdamedia
=338  \\$avolume$2rdacarrier
=500  \\$aIncorporated with the "Kensington Post".
=651  \0$aKensington and Chelsea (London, England)$vNewspapers.
=752  \\$aEngland$dLondon$fKensington And Chelsea.$2blnpn
=852  41$31894$aBritish Library$bNPL$cLON$jLD40
=852  41$31896-1926$aBritish Library$bNPL$jY3
=852  \\$aBritish Library$bNPL$cLON
=852  41$aBritish Library$bNPL$jNEWS shelfmarks - see explore.bl.uk for full holdings
=852  41$aBritish Library$bHMNTS$zMicroform.$jMFM shelfmarks - see explore.bl.uk for full holdings
=866  \0$aNewspapers :no.3-45, 203,365-5389 (23 Jan.-13 Nov.1869; 23 Nov.1872; 1 Jan.1876-14 July 1972)
=883  0\$aLanguage codes assigned by Bayesian analysis of words present in record$d20200826$qUk$c0.9919
=985  \\$aUpgraded by BSS-generated file for WR2009-0365
=CAT  \\$aBATCH-NPL$b00$c20070912$lBLL01$h1136
=CAT  \\$aBATCH$b00$c20070916$lBLL01$h1756
=CAT  \\$a3557$b40$c20080222$lBLL01$h1736
=CAT  \\$aB-BSS-DEL$b00$c20080331$lBLL01$h1542
=CAT  \\$aNPL-008-N$c20110504$lBLL01$h2215
=CAT  \\$aADD-NID$b00$c20110805$lBLL01$h1427
=CAT  \\$aWR11_021$c20111124$lBLL01$h1525
=CAT  \\$aWR11_021$c20111124$lBLL01$h1532
=CAT  \\$aNPL-LOCK$b77$c20140207$lBLL01$h2159
=CAT  \\$c20140214$lBLL01$h1742
=CAT  \\$aNSB-MIG$b50$c20140215$lBLL01$h0200
=CAT  \\$aNSB-MIG$b50$c20140215$lBLL01$h0201
=CAT  \\$aNSB-MIG$b50$c20140215$lBLL01$h0202
=CAT  \\$aNSB-MIG$b50$c20140215$lBLL01$h0204
=CAT  \\$aRESET-LEV$b50$c20140302$lBLL01$h2346
=CAT  \\$c20140411$lBLL01$h1326
=CAT  \\$c20140425$lBLL01$h1452
=CAT  \\$c20140922$lBLL01$h1514
=CAT  \\$c20150302$lBLL01$h1117
=CAT  \\$c20150316$lBLL01$h1434
=CAT  \\$c20150316$lBLL01$h1449
=CAT  \\$c20150316$lBLL01$h1507
=CAT  \\$c20150323$lBLL01$h0833
=CAT  \\$aW2009-0365$b00$c20201017$lBLL01$h0931
=CAT  \\$aRESET-LEV$b50$c20201017$lBLL01$h1749
=FIN  \\$aY
=FMT  \\$a  SE
=LAS  \\$aRESET-LEV$b50$c20201017$lBLL01$h1749
=LEO  \\$aMP35.0000110512
=NID  \\$aNID0012167
=SRC  \\$aNPLv17$bbibmp35.20070831.aa
=TCO  \\$aZZZ$c008

