=LDR  02611 as a2200601u  4500
=001  013902991
=003  Uk
=005  20201017093155.0
=008  950421d19141940||||||n|||\\\\0\\\||eng\\
=019  n\$aNLC0010754
=040  \\$aUk$cUk
=082  04$a072.132$222
=245  04$aThe Marylebone Record and West London News.
=336  \\$atext$2rdacontent
=337  \\$aunmediated$2rdamedia
=338  \\$avolume$2rdacarrier
=651  \0$aWestminster (London, England)$vNewspapers.
=752  \\$aEngland$dLondon$fWestminster.$2blnpn
=785  00$tSt. Marylebone, Paddington and the City of Westminster Record and West London News$gno.1370-1732 (5 Oct.1940-3 July 1948)$w013902992
=852  41$31892$aBritish Library$bNPL$cLON$jLD165
=852  41$31892$aBritish Library$bNPL$cLON$jLD165
=852  41$aBritish Library$bNPL$jNEWS shelfmarks - see explore.bl.uk for full holdings
=852  41$aBritish Library$bHMNTS$zMicroform.$jMFM shelfmarks - see explore.bl.uk for full holdings
=852  \\$aBritish Library$bNPL$cLON
=866  \0$aNewspapers :no.1-1369 (9 May 1914-28 Sept.1940)
=883  0\$aLanguage codes assigned by Bayesian analysis of words present in record$d20200826$qUk$c0.9919
=985  \\$aDisaggregated Record: NPL
=985  \\$aUpgraded by BSS-generated file for WR2009-0365
=CAT  \\$aBATCH-NPL$b00$c20070912$lBLL01$h1136
=CAT  \\$aBATCH-LINK$b00$c20070915$lBLL01$h0512
=CAT  \\$aBATCH-LINK$b00$c20070915$lBLL01$h0521
=CAT  \\$aBATCH$b00$c20070916$lBLL01$h1756
=CAT  \\$aB-BSS-DEL$b00$c20080331$lBLL01$h1542
=CAT  \\$aNPL-008-N$c20110504$lBLL01$h2215
=CAT  \\$aADD-NID$b00$c20110805$lBLL01$h1427
=CAT  \\$aWR11_021$c20111124$lBLL01$h1525
=CAT  \\$aWR11_021$c20111124$lBLL01$h1532
=CAT  \\$aNPL-LOCK$b77$c20140207$lBLL01$h2159
=CAT  \\$c20140214$lBLL01$h1742
=CAT  \\$aNSB-MIG$b50$c20140215$lBLL01$h0201
=CAT  \\$aNSB-MIG$b50$c20140215$lBLL01$h0202
=CAT  \\$aNSB-MIG$b50$c20140215$lBLL01$h0203
=CAT  \\$aRESET-LEV$b50$c20140302$lBLL01$h2346
=CAT  \\$aW2009-0365$b00$c20201017$lBLL01$h0931
=CAT  \\$aRESET-LEV$b50$c20201017$lBLL01$h1749
=FIN  \\$aY
=FMT  \\$a  SE
=LAS  \\$aRESET-LEV$b50$c20201017$lBLL01$h1749
=LEO  \\$aMP35.0000110559
=LKR  \\$aPAR$lBLL01$r78500$nSt. Marylebone, Paddington and the City of Westminster Record and West London News - no.1370-1732 (5 Oct.1940-3 July 1948)$b013902992$mThe Marylebone Record and West London News. - no.1-1369 (9 May 1914-28 Sept.1940)
=NID  \\$aNID0012215
=SRC  \\$aNPLv17$bbibmp35.20070831.aa
=TCO  \\$aZZZ$c008

