=LDR  02612 as a2200577u  4500
=001  013903106
=003  Uk
=005  20201017093155.0
=008  950421d18911900||||||n|||\\\\0\\\||eng\\
=019  n\$aNLC0010847
=040  \\$aUk$cUk
=082  04$a072.165$222
=130  4\$aThe Streatham News and Tooting, Balham, Tulse Hill Advertiser.
=245  14$aThe Streatham News and Tooting, Balham, Tulse Hill Advertiser.
=336  \\$atext$2rdacontent
=337  \\$aunmediated$2rdamedia
=338  \\$avolume$2rdacarrier
=651  \0$aLambeth (London, England)$vNewspapers.
=752  \\$aEngland$dLondon$fLambeth.$2blnpn
=785  00$tStreatham News and Borough of Wandsworth Advertiser : (The Streatham News and Borough of Wandsworth Chronicle)$gno.480-2233 (22 Sept.1900-7 Oct.1932)$w013903107
=852  \\$aBritish Library$bNPL$cLON
=852  41$aBritish Library$bNPL$jNEWS shelfmarks - see explore.bl.uk for full holdings
=852  41$aBritish Library$bHMNTS$z23 Nov$zMicroform.$jMFM shelfmarks - see explore.bl.uk for full holdings
=866  \0$aNewspapers :no.1-479 (18 July 1891-15 Sept.1900)
=883  0\$aLanguage codes assigned by Bayesian analysis of words present in record$d20200826$qUk$c0.9919
=985  \\$aDisaggregated Record: NPL
=985  \\$aUpgraded by BSS-generated file for WR2009-0365
=CAT  \\$aBATCH-NPL$b00$c20070912$lBLL01$h1136
=CAT  \\$aBATCH-LINK$b00$c20070915$lBLL01$h0512
=CAT  \\$aBATCH-LINK$b00$c20070915$lBLL01$h0521
=CAT  \\$aBATCH$b00$c20070916$lBLL01$h1757
=CAT  \\$aB-BSS-DEL$b00$c20080331$lBLL01$h1542
=CAT  \\$aNPL-008-N$c20110504$lBLL01$h2215
=CAT  \\$aADD-NID$b00$c20110805$lBLL01$h1427
=CAT  \\$aWR11_021$c20111124$lBLL01$h1525
=CAT  \\$aWR11_021$c20111124$lBLL01$h1532
=CAT  \\$aNPL-LOCK$b77$c20140207$lBLL01$h2159
=CAT  \\$c20140214$lBLL01$h1742
=CAT  \\$aNSB-MIG$b50$c20140215$lBLL01$h0201
=CAT  \\$aRESET-LEV$b50$c20140302$lBLL01$h2346
=CAT  \\$c20141003$lBLL01$h1402
=CAT  \\$aW2009-0365$b00$c20201017$lBLL01$h0931
=CAT  \\$aRESET-LEV$b50$c20201017$lBLL01$h1749
=FIN  \\$aY
=FMT  \\$a  SE
=LAS  \\$aRESET-LEV$b50$c20201017$lBLL01$h1749
=LEO  \\$aMP35.0000110650
=LKR  \\$aPAR$lBLL01$r78500$nStreatham News and Borough of Wandsworth Advertiser : (The Streatham News and Borough of Wandsworth Chronicle) - no.480-2233 (22 Sept.1900-7 Oct.1932)$b013903107$mThe Streatham News and Tooting, Balham, Tulse Hill Advertiser. - no.1-479 (18 July 1891-15 Sept.1900)
=NID  \\$aNID0012310
=SRC  \\$aNPLv17$bbibmp35.20070831.aa
=TCO  \\$aZZZ$c008

