=LDR  02988cas a2200709u  4500
=001  013903238
=003  Uk
=005  20201127181348.0
=008  950421d18751974||||||n|||\\\\0\\\||eng\\
=FMT  \\$a  SE
=019  n\$aNLC0010960
=040  \\$aUk$cUk
=082  04$a072.163$222
=245  00$aSydenham, Forest Hill & Penge Gazette, etc.
=336  \\$atext$2rdacontent
=337  \\$aunmediated$2rdamedia
=338  \\$avolume$2rdacarrier
=500  \\$aDiscontinued.
=500  \\$aThere are occasional changes of secondary title.
=651  \0$aLewisham (London, England)$vNewspapers.
=752  \\$aEngland$dLondon$fLewisham.$2blnpn
=780  00$tSydenham & Penge Gazette, Crystal Palace News, etc$gno.10,15-18,21,22,30,33,71-83,87,124-143 (11 Jan.,15 Feb.-8,29 March,5 April,31 May,21 June 1873; 14 March-6 June,4 July 1874; 20 March-31 July 1875)$w013903237
=866  \0$aNewspapers :no.144-9104 (7 Aug.1875-2 May 1974)
=883  0\$aLanguage codes assigned by Bayesian analysis of words present in record$d20201028$qUk$c0.9010
=852  \\$aBritish Library$bNPL$cEW
=852  41$aBritish Library$bNPL$jNEWS shelfmarks - see explore.bl.uk for full holdings
=852  41$aBritish Library$bHMNTS$zMicroform.$jMFM shelfmarks - see explore.bl.uk for full holdings
=985  \\$aDisaggregated Record: NPL
=985  \\$aUpgraded by BSS-generated file for WR2011-1472
=CAT  \\$aBATCH-NPL$b00$c20070912$lBLL01$h1136
=CAT  \\$aRESET-LEV$b50$c20210902$lBLL01$h2127
=CAT  \\$aRESET-LEV$b50$c20211002$lBLL01$h1728
=CAT  \\$aRESET-LEV$b50$c20211102$lBLL01$h0306
=CAT  \\$aRESET-LEV$b50$c20211202$lBLL01$h2123
=CAT  \\$aRESET-LEV$b50$c20220103$lBLL01$h0034
=CAT  \\$aRESET-LEV$b50$c20220202$lBLL01$h0138
=CAT  \\$aRESET-LEV$b50$c20220302$lBLL01$h0055
=CAT  \\$aRESET-LEV$b50$c20220402$lBLL01$h1727
=CAT  \\$aRESET-LEV$b50$c20220502$lBLL01$h0241
=CAT  \\$aRESET-LEV$b50$c20220602$lBLL01$h2126
=CAT  \\$aRESET-LEV$b50$c20220702$lBLL01$h1728
=CAT  \\$aRESET-LEV$b50$c20220802$lBLL01$h0353
=CAT  \\$aRESET-LEV$b50$c20220902$lBLL01$h2221
=CAT  \\$aRESET-LEV$b50$c20221003$lBLL01$h0414
=CAT  \\$aRESET-LEV$b50$c20221102$lBLL01$h0233
=CAT  \\$aRESET-LEV$b50$c20221202$lBLL01$h2224
=CAT  \\$aRESET-LEV$b50$c20230102$lBLL01$h0259
=CAT  \\$aRESET-LEV$b50$c20230202$lBLL01$h2127
=CAT  \\$aRESET-LEV$b50$c20230302$lBLL01$h2135
=CAT  \\$aRESET-LEV$b50$c20230403$lBLL01$h0241
=CAT  \\$aRESET-LEV$b50$c20230502$lBLL01$h0324
=CAT  \\$aRESET-LEV$b50$c20230602$lBLL01$h2226
=CAT  \\$aRESET-LEV$b50$c20230703$lBLL01$h0507
=CAT  \\$aRESET-LEV$b50$c20230802$lBLL01$h0209
=CAT  \\$aRESET-LEV$b50$c20230902$lBLL01$h1739
=CAT  \\$aRESET-LEV$b50$c20231002$lBLL01$h0443
=FIN  \\$aY
=LEO  \\$aMP35.0000110763.1
=NID  \\$aNID0012408
=SRC  \\$aNPLv17$bbibmp35.20070831.aa
=TCO  \\$aZZZ$c008
=LAS  \\$aRESET-LEV$b50$c20231002$lBLL01$h0443

