=LDR  05837 as a2201141u  4500
=001  013903301
=003  Uk
=005  20201127181349.0
=008  950421d18991904||||||n|||\\\\0\\\||eng\\
=019  n\$aNLC0011014
=040  \\$aUk$cUk
=082  04$a072.176$222
=245  00$aManor Park, Ilford and East Ham Echo.
=336  \\$atext$2rdacontent
=337  \\$aunmediated$2rdamedia
=338  \\$avolume$2rdacarrier
=651  \0$aNewham (London, England)$vNewspapers.
=752  \\$aEngland$dLondon$fNewham.$2blnpn
=780  00$tEast Ham Echo$gno.1-269 (11 Jan.1895-1 Dec.1899)$w013903300
=785  00$tEast Ham Echo$gno.523-2722 (14 Oct.1904-16 May 1941)$w013903302
=852  41$31895-1899$aBritish Library$bNPL$jNEWS7626
=852  41$31895$aBritish Library$bHMNTS$zMicroform.$jMFM.M87776 [1895]
=852  41$31896$aBritish Library$bHMNTS$zMicroform.$jMFM.M87776 [1896]
=852  41$31897$aBritish Library$bHMNTS$zMicroform.$jMFM.M87777 [1897]
=852  41$31898$aBritish Library$bHMNTS$zMicroform.$jMFM.M87778 [1898]
=852  41$31899$aBritish Library$bHMNTS$zMicroform.$jMFM.M87779 [1899]
=852  41$31904-1941$aBritish Library$bNPL$jNEWS7628
=852  41$31924$aBritish Library$bHMNTS$zMicroform.$jMFM.M87803 [1924]
=852  41$31925$aBritish Library$bHMNTS$zMicroform.$jMFM.M87804 [1925]
=852  41$31926$aBritish Library$bHMNTS$zMicroform.$jMFM.M87805 [1926]
=852  41$31927$aBritish Library$bHMNTS$zMicroform.$jMFM.M87806 [1927]
=852  41$31928$aBritish Library$bHMNTS$zMicroform.$jMFM.M87807 [1928]
=852  41$31929$aBritish Library$bHMNTS$zMicroform.$jMFM.M87808 [1929]
=852  41$31930$aBritish Library$bHMNTS$zMicroform.$jMFM.M87809 [1930]
=852  41$31931$aBritish Library$bHMNTS$zMicroform.$jMFM.M87810 [1931]
=852  41$31932$aBritish Library$bHMNTS$zMicroform.$jMFM.M87811 [1932]
=852  41$31933$aBritish Library$bHMNTS$zMicroform.$jMFM.M87812 [1933]
=852  41$31934$aBritish Library$bHMNTS$zMicroform.$jMFM.M87813 [1934]
=852  41$31935$aBritish Library$bHMNTS$zMicroform.$jMFM.M87814 [1935]
=852  41$31936$aBritish Library$bHMNTS$zMicroform.$jMFM.M87815 [1936]
=852  41$31937$aBritish Library$bHMNTS$zMicroform.$jMFM.M87816 [1937]
=852  41$31938$aBritish Library$bHMNTS$zMicroform.$jMFM.M87817 [1938]
=852  41$31939$aBritish Library$bHMNTS$zMicroform.$jMFM.M87818 [1939]
=852  41$31940$aBritish Library$bHMNTS$zMicroform.$jMFM.M87819 [1940]
=852  41$31941$aBritish Library$bHMNTS$zMicroform.$jMFM.M87819 [1941]
=852  41$31905$aBritish Library$bHMNTS$zMicroform.$jMFM.M87786 [1905]
=852  41$31906$aBritish Library$bHMNTS$zMicroform.$jMFM.M87787 [1906]
=852  41$31907$aBritish Library$bHMNTS$zMicroform.$jMFM.M87788 [1907]
=852  41$31908$aBritish Library$bHMNTS$zMicroform.$jMFM.M87789 [1908]
=852  41$31909$aBritish Library$bHMNTS$zMicroform.$jMFM.M87790 [1909]
=852  41$31910$aBritish Library$bHMNTS$zMicroform.$jMFM.M87791 [1910]
=852  41$31911$aBritish Library$bHMNTS$zMicroform.$jMFM.M87792 [1911]
=852  41$31912$aBritish Library$bHMNTS$zMicroform.$jMFM.M87793 [1912]
=852  41$31913$aBritish Library$bHMNTS$zMicroform.$jMFM.M87794 [1913]
=852  41$31914$aBritish Library$bHMNTS$zMicroform.$jMFM.M87795 [1914]
=852  41$31915$aBritish Library$bHMNTS$zMicroform.$jMFM.M87796 [1915]
=852  41$31917$aBritish Library$bHMNTS$zMicroform.$jMFM.M87797 [1917]
=852  41$31918$aBritish Library$bHMNTS$zMicroform.$jMFM.M87798 [1918]
=852  41$31919$aBritish Library$bHMNTS$zMicroform.$jMFM.M87798 [1919]
=852  41$31920$aBritish Library$bHMNTS$zMicroform.$jMFM.M87799 [1920]
=852  41$31921$aBritish Library$bHMNTS$zMicroform.$jMFM.M87800 [1921]
=852  41$31922$aBritish Library$bHMNTS$zMicroform.$jMFM.M87801 [1922]
=852  41$31923$aBritish Library$bHMNTS$zMicroform.$jMFM.M87802 [1923]
=852  \\$aBritish Library$bNPL$cLON
=852  41$31899-1904$aBritish Library$bNPL$jNEWS7627
=852  41$31904$aBritish Library$bHMNTS$zMicroform.$jMFM.M87784-5
=852  41$31900$aBritish Library$bHMNTS$zMicroform.$jMFM.M87780 [1900]
=852  41$31901$aBritish Library$bHMNTS$zMicroform.$jMFM.M87781 [1901]
=852  41$31902$aBritish Library$bHMNTS$zMicroform.$jMFM.M87782 [1902]
=852  41$31903$aBritish Library$bHMNTS$zMicroform.$jMFM.M87783 [1903]
=866  \0$aNewspapers :no.270-522 (8 Dec.1899-7 Oct.1904)
=883  0\$aLanguage codes assigned by Bayesian analysis of words present in record$d20201028$qUk$c0.9010
=985  \\$aDisaggregated Record: NPL
=985  \\$aUpgraded by BSS-generated file for WR2011-1472
=CAT  \\$aBATCH-NPL$b00$c20070912$lBLL01$h1136
=CAT  \\$aBATCH-LINK$b00$c20070915$lBLL01$h0506
=CAT  \\$aBATCH-LINK$b00$c20070915$lBLL01$h0512
=CAT  \\$aBATCH-LINK$b00$c20070915$lBLL01$h0521
=CAT  \\$aBATCH$b00$c20070916$lBLL01$h1757
=CAT  \\$aB-BSS-DEL$b00$c20080331$lBLL01$h1542
=CAT  \\$aNPL-008-N$c20110504$lBLL01$h2215
=CAT  \\$aADD-NID$b00$c20110805$lBLL01$h1427
=CAT  \\$aWR11_021$c20111124$lBLL01$h1525
=CAT  \\$aWR11_021$c20111124$lBLL01$h1532
=CAT  \\$aNPL-LOCK$b77$c20140207$lBLL01$h2159
=CAT  \\$c20140214$lBLL01$h1742
=CAT  \\$aNSB-MIG$b50$c20140215$lBLL01$h0201
=CAT  \\$aRESET-LEV$b50$c20140302$lBLL01$h2346
=CAT  \\$aW2011-1472$b00$c20201127$lBLL01$h1813
=CAT  \\$aRESET-LEV$b50$c20201127$lBLL01$h2240
=FIN  \\$aY
=FMT  \\$a  SE
=LAS  \\$aRESET-LEV$b50$c20201127$lBLL01$h2240
=LEO  \\$aMP35.0000110817.1
=LKR  \\$aPAR$lBLL01$r78500$nEast Ham Echo - no.523-2722 (14 Oct.1904-16 May 1941)$b013903302$mManor Park, Ilford and East Ham Echo. - no.270-522 (8 Dec.1899-7 Oct.1904)
=NID  \\$aNID0012469
=SRC  \\$aNPLv17$bbibmp35.20070831.aa
=TCO  \\$aZZZ$c008

