=LDR  02519 as a22006737a 4500
=001  013903590
=003  Uk
=005  20180314111705.0
=008  950421d18631902enkuu\n\\\\\\\0\\\a0eng\\
=019  n\$aNLC0011251
=040  \\$aUk$cUk$dUk
=082  04$a072.192$222
=245  00$aSutton journal and District advertiser.
=336  \\$atext$2rdacontent
=337  \\$aunmediated$2rdamedia
=338  \\$avolume$2rdacarrier
=500  \\$aLocal edition of the Sussex express.
=500  \\$aDiscontinued.
=500  \\$aMicrofilm: 1863-65, 1888-90.
=651  \0$aSutton (London, England)$vNewspapers.
=752  \\$aEngland$dLondon$fSutton.$2blnpn
=852  41$31888; Missing$aBritish Library$bNPL$cEW$j513 [1888]
=852  \\$aBritish Library$bNPL$cLON
=852  41$31893$aBritish Library$bNPL$cLON$jLD40$xBound with Sunday Times
=852  41$31888; Missing$aBritish Library$bNPL$cEW$j513 [1888]
=852  \\$aBritish Library$bNPL$cLON
=852  41$31893$aBritish Library$bNPL$cLON$jLD40$xBound with Sunday Times
=852  41$aBritish Library$bNPL$jNEWS shelfmarks - see explore.bl.uk for full holdings
=852  41$aBritish Library$bHMNTS$zMicroform.$jMFM shelfmarks - see explore.bl.uk for full holdings
=866  \0$aNewspapers :30 Sept.1863-25 Dec.1902.
=CAT  \\$aBATCH-NPL$b00$c20070912$lBLL01$h1136
=CAT  \\$aBATCH$b00$c20070916$lBLL01$h1757
=CAT  \\$aB-BSS-DEL$b00$c20080331$lBLL01$h1542
=CAT  \\$a6537$b40$c20101104$lBLL01$h0925
=CAT  \\$aNPL-008-N$c20110504$lBLL01$h2215
=CAT  \\$aADD-NID$b00$c20110805$lBLL01$h1427
=CAT  \\$aWR11_021$c20111124$lBLL01$h1525
=CAT  \\$aWR11_021$c20111124$lBLL01$h1532
=CAT  \\$aNPL-LOCK$b77$c20140207$lBLL01$h2200
=CAT  \\$c20140214$lBLL01$h1742
=CAT  \\$aNSB-MIG$b50$c20140215$lBLL01$h0151
=CAT  \\$aNSB-MIG$b50$c20140215$lBLL01$h0152
=CAT  \\$aNSB-MIG$b50$c20140215$lBLL01$h0153
=CAT  \\$aNSB-MIG$b50$c20140215$lBLL01$h0154
=CAT  \\$aNSB-MIG$b50$c20140215$lBLL01$h0155
=CAT  \\$aNSB-MIG$b50$c20140215$lBLL01$h0157
=CAT  \\$aNSB-MIG$b50$c20140215$lBLL01$h0158
=CAT  \\$aRESET-LEV$b50$c20140302$lBLL01$h2346
=CAT  \\$c20140411$lBLL01$h1326
=CAT  \\$a3557$b50$c20180314$lBLL01$h1117
=FIN  \\$aY
=FMT  \\$a  SE
=LAS  \\$a3557$b50$c20180314$lBLL01$h1117
=LEO  \\$aTC.41985
=LEO  \\$aMP35.0000111053
=NID  \\$aNID0012715
=SRC  \\$aNPLv17$bbibtc.20070831.aa
=SRC  \\$aNPLv17$bbibmp35.20070831.aa
=TCO  \\$aCLA$bCLA$c008

