=LDR  03224 as a2200781u  4500
=001  013903608
=003  Uk
=005  20201017093158.0
=008  950421d18991963||||||n|||\\\\0\\\||eng\\
=019  n\$aNLC0011269
=040  \\$aUk$cUk
=082  04$a072.15$222
=245  04$aThe East End News and London Shipping Chronicle.
=336  \\$atext$2rdacontent
=337  \\$aunmediated$2rdamedia
=338  \\$avolume$2rdacarrier
=500  \\$aDiscontinued.
=500  \\$aMicrofilm: 1899.
=651  \0$aTower Hamlets (London, England)$vNewspapers.
=752  \\$aEngland$dLondon$fTower Hamlets.$2blnpn
=780  00$tEast End News and Advertiser$gno.509-3203 (17 July 1869-13 Sept.1899)$w013903607
=852  \\$aBritish Library$bNPL$cLON
=852  41$31879$aBritish Library$bNPL$cIRL$j68 [1879]
=852  41$31880$aBritish Library$bNPL$cIRL$j54 [1880]
=852  41$31881$aBritish Library$bNPL$cIRL$j98 [1881]
=852  41$31882$aBritish Library$bNPL$cIRL$j67 [1882]
=852  41$31883$aBritish Library$bNPL$cIRL$j2 [1883]
=852  41$31884$aBritish Library$bNPL$cIRL$j65 [1884]
=852  41$31885$aBritish Library$bNPL$cIRL$j38 [1885]
=852  41$31887$aBritish Library$bNPL$cIRL$j55 [1887]
=852  41$31888$aBritish Library$bNPL$cIRL$j80 [1888]
=852  41$31889$aBritish Library$bNPL$cIRL$j49 [1889]
=852  41$31890$aBritish Library$bNPL$cIRL$j41 [1890]
=852  41$31891$aBritish Library$bNPL$cIRL$j36 [1891]
=852  41$31892$aBritish Library$bNPL$cIRL$j50 [1892]
=852  41$31893$aBritish Library$bNPL$cIRL$j14 [1893]
=852  41$31894$aBritish Library$bNPL$cIRL$j66 [1894]
=852  41$31895$aBritish Library$bNPL$cIRL$j20 [1895]
=852  41$31896$aBritish Library$bNPL$cIRL$j37 [1896]
=852  41$aBritish Library$bNPL$jNEWS shelfmarks - see explore.bl.uk for full holdings
=852  41$aBritish Library$bHMNTS$zMicroform.$jMFM shelfmarks - see explore.bl.uk for full holdings
=866  \0$aNewspapers :no.3204-8610 (16 Sept.1899-26 April 1963)
=883  0\$aLanguage codes assigned by Bayesian analysis of words present in record$d20200826$qUk$c0.9919
=985  \\$aDisaggregated Record: NPL
=985  \\$aUpgraded by BSS-generated file for WR2009-0365
=CAT  \\$aBATCH-NPL$b00$c20070912$lBLL01$h1136
=CAT  \\$aBATCH-LINK$b00$c20070915$lBLL01$h0506
=CAT  \\$aBATCH$b00$c20070916$lBLL01$h1757
=CAT  \\$aB-BSS-DEL$b00$c20080331$lBLL01$h1542
=CAT  \\$aNPL-008-N$c20110504$lBLL01$h2215
=CAT  \\$aADD-NID$b00$c20110805$lBLL01$h1427
=CAT  \\$aWR11_021$c20111124$lBLL01$h1525
=CAT  \\$aWR11_021$c20111124$lBLL01$h1532
=CAT  \\$aNPL-LOCK$b77$c20140207$lBLL01$h2200
=CAT  \\$c20140214$lBLL01$h1742
=CAT  \\$aNSB-MIG$b50$c20140215$lBLL01$h0201
=CAT  \\$aNSB-MIG$b50$c20140215$lBLL01$h0202
=CAT  \\$aNSB-MIG$b50$c20140215$lBLL01$h0203
=CAT  \\$aRESET-LEV$b50$c20140302$lBLL01$h2347
=CAT  \\$aW2009-0365$b00$c20201017$lBLL01$h0931
=CAT  \\$aRESET-LEV$b50$c20201017$lBLL01$h1749
=FIN  \\$aY
=FMT  \\$a  SE
=LAS  \\$aRESET-LEV$b50$c20201017$lBLL01$h1749
=LEO  \\$aMP35.0000111070.1
=NID  \\$aNID0012732
=SRC  \\$aNPLv17$bbibmp35.20070831.aa
=TCO  \\$aZZZ$c008

