=LDR  02456 as a2200637u  4500
=001  013903619
=003  Uk
=005  20201017093158.0
=008  950421d18811912||||||n|||\\\\0\\\||eng\\
=019  n\$aNLC0011276
=040  \\$aUk$cUk
=082  04$a072.15$222
=245  04$aThe Eastern Argus and Borough of Hackney Times, etc.
=336  \\$atext$2rdacontent
=337  \\$aunmediated$2rdamedia
=338  \\$avolume$2rdacarrier
=500  \\$aDiscontinued.
=500  \\$aMicrofilm: 1904.
=651  \0$aTower Hamlets (London, England)$vNewspapers.
=752  \\$aEngland$dLondon$fTower Hamlets.$2blnpn
=780  00$tEastern Argus and Borough of Hackney Liberal$gno.873-1053 (8 Dec.1877-21 May 1881)$w013903618
=852  41$31894$aBritish Library$bNPL$cLON$jLD40
=852  41$31946$aBritish Library$bHMNTS$z4 Jan 1946- 27 Dec 1946$zMicroform
=852  41$aBritish Library$bNPL$jNEWS shelfmarks - see explore.bl.uk for full holdings
=852  41$aBritish Library$bHMNTS$zMicroform.$jMFM shelfmarks - see explore.bl.uk for full holdings
=866  \0$aNewspapers :no.1054-2695 (28 May 1881-14 Sept.1912)
=883  0\$aLanguage codes assigned by Bayesian analysis of words present in record$d20200826$qUk$c0.9919
=985  \\$aDisaggregated Record: NPL
=985  \\$aUpgraded by BSS-generated file for WR2009-0365
=CAT  \\$aBATCH-NPL$b00$c20070912$lBLL01$h1136
=CAT  \\$aBATCH-LINK$b00$c20070915$lBLL01$h0506
=CAT  \\$aBATCH$b00$c20070916$lBLL01$h1757
=CAT  \\$aB-BSS-DEL$b00$c20080331$lBLL01$h1542
=CAT  \\$aNPL-008-N$c20110504$lBLL01$h2215
=CAT  \\$aADD-NID$b00$c20110805$lBLL01$h1427
=CAT  \\$aWR11_021$c20111124$lBLL01$h1525
=CAT  \\$aWR11_021$c20111124$lBLL01$h1532
=CAT  \\$aNPL-LOCK$b77$c20140207$lBLL01$h2200
=CAT  \\$c20140214$lBLL01$h1742
=CAT  \\$aNSB-MIG$b50$c20140215$lBLL01$h0201
=CAT  \\$aRESET-LEV$b50$c20140302$lBLL01$h2347
=CAT  \\$c20141007$lBLL01$h1310
=CAT  \\$c20150302$lBLL01$h1117
=CAT  \\$c20150316$lBLL01$h1434
=CAT  \\$c20150316$lBLL01$h1449
=CAT  \\$c20150316$lBLL01$h1507
=CAT  \\$c20150323$lBLL01$h0833
=CAT  \\$aW2009-0365$b00$c20201017$lBLL01$h0931
=CAT  \\$aRESET-LEV$b50$c20201017$lBLL01$h1749
=FIN  \\$aY
=FMT  \\$a  SE
=LAS  \\$aRESET-LEV$b50$c20201017$lBLL01$h1749
=LEO  \\$aMP35.0000111077.3
=NID  \\$aNID0012743
=SRC  \\$aNPLv17$bbibmp35.20070831.aa
=TCO  \\$aZZZ$c008

