=LDR  03547 as a2200757u  4500
=001  013903789
=003  Uk
=005  20201017093159.0
=008  950421d18691869|||wr|n|||\\\\0\\\||eng\\
=019  n\$aNLC0011452
=040  \\$aUk$cUk
=082  04$a072.132$222
=245  00$aWestminster Weekly News and General Advertiser.
=336  \\$atext$2rdacontent
=337  \\$aunmediated$2rdamedia
=338  \\$avolume$2rdacarrier
=651  \0$aWestminster (London, England)$vNewspapers.
=752  \\$aEngland$dLondon$fWestminster.$2blnpn
=785  00$tLondon and Westminster News and General Advertiser$gno.4 (18 Dec.1869)$w013903790
=852  \\$aBritish Library$bNPL$cLON
=852  41$31877$aBritish Library$bHMNTS$zMicroform.$jMFM.M33742 [1877]
=852  41$31889$aBritish Library$bHMNTS$zMicroform.$jMFM.M29195 [1889]
=852  41$31893$aBritish Library$bHMNTS$zMicroform.$jMFM.M29413 [1893]
=852  41$31856$aBritish Library$bHMNTS$zMicroform.$jMFM.M82639 [1856]
=852  41$31857$aBritish Library$bHMNTS$zMicroform.$jMFM.M82640 [1857]
=852  41$31858$aBritish Library$bHMNTS$zMicroform.$jMFM.M82641 [1858]
=852  41$31859$aBritish Library$bHMNTS$zMicroform.$jMFM.M82642 [1859]
=852  41$31860$aBritish Library$bHMNTS$zMicroform.$jMFM.M82643 [1860]
=852  41$31861$aBritish Library$bHMNTS$zMicroform.$jMFM.M82644 [1861]
=852  41$31862$aBritish Library$bHMNTS$zMicroform.$jMFM.M82645 [1862]
=852  41$31863$aBritish Library$bHMNTS$zMicroform.$jMFM.M82646 [1863]
=852  41$31864$aBritish Library$bHMNTS$zMicroform.$jMFM.M82647 [1864]
=852  41$31865$aBritish Library$bHMNTS$zMicroform.$jMFM.M82648 [1865]
=852  41$31866$aBritish Library$bHMNTS$zMicroform.$jMFM.M82649 [1866]
=852  41$31867$aBritish Library$bHMNTS$zMicroform.$jMFM.M82650 [1867]
=852  41$31868$aBritish Library$bHMNTS$zMicroform.$jMFM.M82651 [1868]
=852  41$31869$aBritish Library$bHMNTS$zMicroform.$jMFM.M82652 [1869]
=852  41$31870$aBritish Library$bHMNTS$zMicroform.$jMFM.M82653 [1870]
=852  41$31856-1902$aBritish Library$bNPL$jNEWS10955
=852  41$31893$aBritish Library$bNPL$cLON$jLD40$xBound with Sunday Times
=866  \0$aNewspapers :no.1-3 (27 Nov.-11 Dec.1869)
=883  0\$aLanguage codes assigned by Bayesian analysis of words present in record$d20200826$qUk$c0.9919
=985  \\$aDisaggregated Record: NPL
=985  \\$aUpgraded by BSS-generated file for WR2009-0365
=CAT  \\$aBATCH-NPL$b00$c20070912$lBLL01$h1136
=CAT  \\$aBATCH-LINK$b00$c20070915$lBLL01$h0512
=CAT  \\$aBATCH-LINK$b00$c20070915$lBLL01$h0521
=CAT  \\$aBATCH$b00$c20070916$lBLL01$h1757
=CAT  \\$aB-BSS-DEL$b00$c20080331$lBLL01$h1542
=CAT  \\$aNPL-008-N$c20110504$lBLL01$h2215
=CAT  \\$aADD-NID$b00$c20110805$lBLL01$h1427
=CAT  \\$aWR11_021$c20111124$lBLL01$h1525
=CAT  \\$aWR11_021$c20111124$lBLL01$h1532
=CAT  \\$aNPL-LOCK$b77$c20140207$lBLL01$h2200
=CAT  \\$c20140214$lBLL01$h1742
=CAT  \\$aNSB-MIG$b50$c20140215$lBLL01$h0200
=CAT  \\$aW2009-0365$b00$c20201017$lBLL01$h0931
=CAT  \\$aRESET-LEV$b50$c20201017$lBLL01$h1749
=FIN  \\$aY
=FMT  \\$a  SE
=LAS  \\$aRESET-LEV$b50$c20201017$lBLL01$h1749
=LEO  \\$aMP35.0000111250
=LKR  \\$aPAR$lBLL01$r78500$nLondon and Westminster News and General Advertiser - no.4 (18 Dec.1869)$b013903790$mWestminster Weekly News and General Advertiser. - no.1-3 (27 Nov.-11 Dec.1869)
=NID  \\$aNID0012889
=SRC  \\$aNPLv17$bbibmp35.20070831.aa
=TCO  \\$aZZZ$c008

