=LDR  06216 as a2201153u  4500
=001  013905732
=003  Uk
=005  20201017093204.0
=008  950421d17881791|||wr|n|||\\\\0\\\||eng\\
=019  n\$aNLC0015051
=040  \\$aUk$cUk
=082  04$a072.234$222
=245  00$aKentish Chronicle and Canterbury Journal.
=336  \\$atext$2rdacontent
=337  \\$aunmediated$2rdamedia
=338  \\$avolume$2rdacarrier
=651  \0$aCanterbury (England)$vNewspapers.
=651  \0$aKent (England)$vNewspapers.
=752  \\$aEngland$bKent$dCanterbury.$2blnpn
=780  00$tCanterbury Journal$gno.81-1027 (3 April 1770 - 20 May 1788)$w013905731
=785  00$tKentish Chronicle$gno.1187-5518 (June 1791 - 21 Nov.1838)$w013905733
=852  41$31770$aBritish Library$bHMNTS$zApril - Dec.$zMicroform.$jMFM.M75076 [1770]
=852  41$31771-1774$aBritish Library$bHMNTS$zMicroform.$jMFM.M75077 [1771-1774]
=852  41$31775-1778$aBritish Library$bHMNTS$zMicroform.$jMFM.M75078 [1775-1778]
=852  41$31779-1782$aBritish Library$bHMNTS$zMicroform.$jMFM.M75079 [1779-1782]
=852  41$31783-1786$aBritish Library$bHMNTS$zMicroform.$jMFM.M75080 [1783-1786]
=852  41$31787-1788$aBritish Library$bHMNTS$z9 Jan. 1787 - 20 May 1788$zMicroform.$jMFM.M75081 [1787-1788]
=852  41$31770-1788$aBritish Library$bNPL$z3 April - 20 May$jPENN.P7
=852  41$31799$aBritish Library$bHMNTS$zMicroform.$jMFM.M75087 [1799]
=852  41$31800$aBritish Library$bHMNTS$zMicroform.$jMFM.M75088 [1800]
=852  41$31801$aBritish Library$bHMNTS$zMicroform.$jMFM.M75089 [1801]
=852  41$31802-1803$aBritish Library$bHMNTS$zMicroform.$jMFM.M75090 [1802-1803]
=852  41$31825$aBritish Library$bHMNTS$zMicroform.$jMFM.M75111 [1825]
=852  41$31826$aBritish Library$bHMNTS$zMicroform.$jMFM.M75112 [1826]
=852  41$31827$aBritish Library$bHMNTS$zMicroform.$jMFM.M75113 [1827]
=852  41$31828-1829$aBritish Library$bHMNTS$zMicroform.$jMFM.M75114 [1828-1829]
=852  41$31830-1831$aBritish Library$bHMNTS$zMicroform.$jMFM.M75115 [1830-1831]
=852  41$31833-1834$aBritish Library$bHMNTS$zMicroform.$jMFM.M75116 [1833-1834]
=852  41$31835-1836$aBritish Library$bHMNTS$zMicroform.$jMFM.M75117 [1835-1836]
=852  41$31837-1838$aBritish Library$bHMNTS$zMicroform.$jMFM.M75118 [1837-1838]
=852  \\$aBritish Library$bNPL$cEW
=852  41$31794-1795$aBritish Library$bHMNTS$zMicroform.$jMFM.M75084 [1794-1795]
=852  41$31796-1797$aBritish Library$bHMNTS$zMicroform.$jMFM.M75085 [1796-1797]
=852  41$31798$aBritish Library$bHMNTS$zMicroform.$jMFM.M75086 [1798]
=852  41$31791-1792$aBritish Library$bHMNTS$zMicroform.$jMFM.M75082 [1791-1792]
=852  41$31793$aBritish Library$bHMNTS$zMicroform.$jMFM.M75083 [1793]
=852  41$31832$aBritish Library$bHMNTS$zMicroform.$jMFM.M39217 [1832]
=852  41$31791-1830$aBritish Library$bNPL$jPENN.P7
=852  41$31804-1805$aBritish Library$bHMNTS$zMicroform.$jMFM.M75091 [1804-1805]
=852  41$31806$aBritish Library$bHMNTS$zMicroform.$jMFM.M75092 [1806]
=852  41$31807$aBritish Library$bHMNTS$zMicroform.$jMFM.M75093 [1807]
=852  41$31808$aBritish Library$bHMNTS$zMicroform.$jMFM.M75094 [1808]
=852  41$31809$aBritish Library$bHMNTS$zMicroform.$jMFM.M75095 [1809]
=852  41$31810$aBritish Library$bHMNTS$zMicroform.$jMFM.M75096 [1810]
=852  41$31811$aBritish Library$bHMNTS$zMicroform.$jMFM.M75097 [1811]
=852  41$31812$aBritish Library$bHMNTS$zMicroform.$jMFM.M75098 [1812]
=852  41$31813$aBritish Library$bHMNTS$zMicroform.$jMFM.M75099 [1813]
=852  41$31814$aBritish Library$bHMNTS$zMicroform.$jMFM.M75100 [1814]
=852  41$31816$aBritish Library$bHMNTS$zMicroform.$jMFM.M75102 [1816]
=852  41$31815$aBritish Library$bHMNTS$zMicroform.$jMFM.M75101 [1815]
=852  41$31817$aBritish Library$bHMNTS$zMicroform.$jMFM.M75103 [1817]
=852  41$31818$aBritish Library$bHMNTS$zMicroform.$jMFM.M75104 [1818]
=852  41$31819$aBritish Library$bHMNTS$zMicroform.$jMFM.M75105 [1819]
=852  41$31820$aBritish Library$bHMNTS$zMicroform.$jMFM.M75106 [1820]
=852  41$31821$aBritish Library$bHMNTS$zMicroform.$jMFM.M75107 [1821]
=852  41$31822$aBritish Library$bHMNTS$zMicroform.$jMFM.M75108 [1822]
=852  41$31823$aBritish Library$bHMNTS$zMicroform.$jMFM.M75109 [1823]
=852  41$31824$aBritish Library$bHMNTS$zMicroform.$jMFM.M75110 [1824]
=852  41$31831-1838$aBritish Library$bNPL$jNEWS8482
=852  41$31788-1790$aBritish Library$bHMNTS$z27 May 1788 - 28 Dec. 1790$zMicroform.$jMFM.M75081 [1788-1790]
=852  41$31791$aBritish Library$bHMNTS$zJan. - 7 June$zMicroform.$jMFM.M75082 [1791]
=852  41$31788-1791$aBritish Library$bNPL$z27 May 1788 - 28 Dec. 1790$jPENN.P7
=866  \0$aNewspapers :no.1028-1186 (27 May 1788 - 7 June 1791)
=883  0\$aLanguage codes assigned by Bayesian analysis of words present in record$d20200826$qUk$c0.9919
=985  \\$aDisaggregated Record: NPL
=985  \\$aUpgraded by BSS-generated file for WR2009-0365
=CAT  \\$aBATCH-NPL$b00$c20070912$lBLL01$h1138
=CAT  \\$aBATCH-LINK$b00$c20070915$lBLL01$h0506
=CAT  \\$aBATCH-LINK$b00$c20070915$lBLL01$h0513
=CAT  \\$aBATCH-LINK$b00$c20070915$lBLL01$h0522
=CAT  \\$aBATCH$b00$c20070916$lBLL01$h1759
=CAT  \\$aB-BSS-DEL$b00$c20080331$lBLL01$h1543
=CAT  \\$aNPL-008-N$c20110504$lBLL01$h2216
=CAT  \\$aADD-NID$b00$c20110805$lBLL01$h1427
=CAT  \\$aWR11_021$c20111124$lBLL01$h1526
=CAT  \\$aWR11_021$c20111124$lBLL01$h1532
=CAT  \\$aNPL-LOCK$b77$c20140207$lBLL01$h2201
=CAT  \\$c20140214$lBLL01$h1742
=CAT  \\$aNSB-MIG$b50$c20140215$lBLL01$h0205
=CAT  \\$aW2009-0365$b00$c20201017$lBLL01$h0932
=CAT  \\$aRESET-LEV$b50$c20201017$lBLL01$h1749
=FIN  \\$aY
=FMT  \\$a  SE
=LAS  \\$aRESET-LEV$b50$c20201017$lBLL01$h1749
=LEO  \\$aMP35.0000114792.3
=LKR  \\$aPAR$lBLL01$r78500$nKentish Chronicle - no.1187-5518 (June 1791 - 21 Nov.1838)$b013905733$mKentish Chronicle and Canterbury Journal. - no.1028-1186 (27 May 1788 - 7 June 1791)
=NID  \\$aNID0013902
=SRC  \\$aNPLv17$bbibmp35.20070831.aa
=TCO  \\$aZZZ$c008

