=LDR  02447cas a2200637u  4500
=001  013905868
=003  Uk
=005  20201127181405.0
=008  950421d18591883|||wr|n|||\\\\0\\\||eng\\
=FMT  \\$a  SE
=019  n\$aNLC0015198
=040  \\$aUk$cUk
=082  04$a072.389$222
=245  00$aNowlen's Weekly Chronicle.
=336  \\$atext$2rdacontent
=337  \\$aunmediated$2rdamedia
=338  \\$avolume$2rdacarrier
=500  \\$aDiscontinued.
=500  \\$aWanting 1872.
=651  \0$aChard (England)$vNewspapers.
=651  \0$aSomerset (England)$vNewspapers.
=752  \\$aEngland$bSomerset$dChard.$2blnpn
=866  \0$aNewspapers :no.1, etc (5 Feb.1859 - 31 March 1883)
=883  0\$aLanguage codes assigned by Bayesian analysis of words present in record$d20201028$qUk$c0.9010
=852  41$31964$aBritish Library$bNPL$j1886 [1964]
=852  \\$aBritish Library$bNPL$cEW
=852  41$31859$aBritish Library$bNPL$cEW$j646 [1859]
=852  41$aBritish Library$bNPL$jNEWS shelfmarks - see explore.bl.uk for full holdings
=852  41$aBritish Library$bHMNTS$zMicroform.$jMFM shelfmarks - see explore.bl.uk for full holdings
=852  41$aBritish Library$bNPL$zOnly 28 Mar. 1817; Jan. 1825-Dec. 1830$jPENN shelfmarks - see explore.bl.uk for full holdings
=985  \\$aUpgraded by BSS-generated file for WR2011-1472
=CAT  \\$aBATCH-NPL$b00$c20070912$lBLL01$h1138
=CAT  \\$aBATCH$b00$c20070916$lBLL01$h1800
=CAT  \\$aB-BSS-DEL$b00$c20080331$lBLL01$h1543
=CAT  \\$a3557$b40$c20080501$lBLL01$h1231
=CAT  \\$aNPL-008-N$c20110504$lBLL01$h2216
=CAT  \\$aADD-NID$b00$c20110805$lBLL01$h1427
=CAT  \\$aWR11_021$c20111124$lBLL01$h1526
=CAT  \\$aWR11_021$c20111124$lBLL01$h1532
=CAT  \\$aNPL-LOCK$b77$c20140207$lBLL01$h2201
=CAT  \\$c20140214$lBLL01$h1742
=CAT  \\$aNSB-MIG$b50$c20140215$lBLL01$h0151
=CAT  \\$aNSB-MIG$b50$c20140215$lBLL01$h0155
=CAT  \\$aNSB-MIG$b50$c20140215$lBLL01$h0157
=CAT  \\$aNSB-MIG$b50$c20140215$lBLL01$h0158
=CAT  \\$aRESET-LEV$b50$c20140302$lBLL01$h2347
=CAT  \\$c20140411$lBLL01$h1326
=CAT  \\$c20141007$lBLL01$h1310
=CAT  \\$aW2011-1472$b00$c20201127$lBLL01$h1814
=CAT  \\$aRESET-LEV$b50$c20201127$lBLL01$h2240
=FIN  \\$aY
=LEO  \\$aMP35.0000114939
=NID  \\$aNID0014009
=SRC  \\$aNPLv17$bbibmp35.20070831.aa
=TCO  \\$aZZZ$c008
=LAS  \\$aRESET-LEV$b50$c20201127$lBLL01$h2240

