=LDR  05656 as a2201081u  4500
=001  013905902
=003  Uk
=005  20200417183526.0
=008  950421d18341858||||||n|||\\\\0\\\||eng\\
=019  n\$aNLC0015231
=040  \\$aUk$cUk
=082  04$a072.416$222
=245  00$aCheltenham Free Press and Gloucestershire Herald.
=336  \\$atext$2rdacontent
=337  \\$aunmediated$2rdamedia
=338  \\$avolume$2rdacarrier
=500  \\$aHard copy: 1834-72, July 1874-1889, 1892-96, 1898-1908.
=500  \\$aMicrofilm: 1834-72, July 1874-96, 1898-1908.
=651  \0$aCheltenham (England)$vNewspapers.
=651  \0$aGloucestershire (England)$vNewspapers.
=752  \\$aEngland$bGloucestershire$dCheltenham.$2blnpn
=785  00$tCheltenham Free Press and Weekly Fashionable Directory, and Gloucestershire Herald$gno.1916, etc (2 Oct.1858 - 18 May 1867)$w013905903
=852  41$31855-1875$aBritish Library$bNPL$jNEWS3889
=852  41$31856$aBritish Library$bHMNTS$zMicroform.$jMFM.M91426-27
=852  \\$aBritish Library$bNPL$cEW
=852  41$31855$aBritish Library$bHMNTS$z6 Oct-29 Dec 1855$zMicroform.$jMFM.M91425 [1855]
=852  41$31857$aBritish Library$bHMNTS$zMicroform.$jMFM.M91428 [1857]
=852  41$31858$aBritish Library$bHMNTS$zMicroform.$jMFM.M91429 [1858]
=852  41$31860$aBritish Library$bHMNTS$zMicroform.$jMFM.M91430 [1860]
=852  41$31861$aBritish Library$bHMNTS$zMicroform.$jMFM.M91431 [1861]
=852  41$31862$aBritish Library$bHMNTS$zMicroform.$jMFM.M91432 [1862]
=852  41$31863$aBritish Library$bHMNTS$zMicroform.$jMFM.M91433 [1863]
=852  41$31864$aBritish Library$bHMNTS$zMicroform.$jMFM.M91434 [1864]
=852  41$31865$aBritish Library$bHMNTS$zMicroform.$jMFM.M91435 [1865]
=852  41$31866$aBritish Library$bHMNTS$zMicroform.$jMFM.M91436 [1866]
=852  41$31867$aBritish Library$bHMNTS$zMicroform.$jMFM.M91437 [1867]
=852  41$31868$aBritish Library$bHMNTS$zMicroform.$jMFM.M91438 [1868]
=852  41$31869$aBritish Library$bHMNTS$zMicroform.$jMFM.M91439 [1869]
=852  41$31871$aBritish Library$bHMNTS$zMicroform.$jMFM.M91440 [1871]
=852  41$31872$aBritish Library$bHMNTS$zMicroform.$jMFM.M91441 [1872]
=852  41$31873$aBritish Library$bHMNTS$zMicroform.$jMFM.M91442 [1873]
=852  41$31874$aBritish Library$bHMNTS$zMicroform.$jMFM.M91443 [1874]
=852  41$31875$aBritish Library$bHMNTS$zMicroform.$jMFM.M91444 [1875]
=852  41$31859$aBritish Library$bHMNTS$zMicroform.$jMFM.M30743 [1859]
=852  41$31870$aBritish Library$bHMNTS$zMicroform.$jMFM.M23069 [1870]
=852  41$31845$aBritish Library$bNPL$jNEWS3948
=852  41$31851-1852$aBritish Library$bHMNTS$zMicroform.$jMFM.M63414 [1851-1852]
=852  41$31853$aBritish Library$bHMNTS$zMicroform.$jMFM.M63415 [1853]
=852  41$31854$aBritish Library$bHMNTS$zMicroform.$jMFM.M63416 [1854]
=852  41$31855$aBritish Library$bHMNTS$zMicroform.$jMFM.M63417 [1855]
=852  41$31856$aBritish Library$bHMNTS$zMicroform.$jMFM.M63418 [1856]
=852  41$31857$aBritish Library$bHMNTS$zMicroform.$jMFM.M63419 [1857]
=852  41$31858$aBritish Library$bHMNTS$zMicroform.$jMFM.M63420 [1858]
=852  41$31847$aBritish Library$bHMNTS$zMicroform.$jMFM.M63410A
=852  41$31834-1836$aBritish Library$bHMNTS$zMicroform.$jMFM.M63400 [1834-1836]
=852  41$31837-1838$aBritish Library$bHMNTS$zMicroform.$jMFM.M63401 [1837-1838]
=852  41$31839$aBritish Library$bHMNTS$zMicroform.$jMFM.M63402 [1839]
=852  41$31840$aBritish Library$bHMNTS$zMicroform.$jMFM.M63403 [1840]
=852  41$31841$aBritish Library$bHMNTS$zMicroform.$jMFM.M63404 [1841]
=852  41$31842$aBritish Library$bHMNTS$zMicroform.$jMFM.M63405 [1842]
=852  41$31843$aBritish Library$bHMNTS$zMicroform.$jMFM.M63406 [1843]
=852  41$31844$aBritish Library$bHMNTS$zMicroform.$jMFM.M63407 [1844]
=852  41$31845$aBritish Library$bHMNTS$zMicroform.$jMFM.M63408 [1845]
=852  41$31846$aBritish Library$bHMNTS$zMicroform.$jMFM.M63409 [1846]
=852  41$31848$aBritish Library$bHMNTS$zMicroform.$jMFM.M63411 [1848]
=852  41$31849$aBritish Library$bHMNTS$zMicroform.$jMFM.M63412 [1849]
=852  41$31850$aBritish Library$bHMNTS$zMicroform.$jMFM.M63413 [1850]
=852  41$31834-1858$aBritish Library$bNPL$jNEWS8589
=866  \0$aNewspapers :no.1-1915 (1 Nov.1834 - 25 Sept.1858)
=985  \\$aUpgraded by BSS-generated file for WR1910-0531
=CAT  \\$aBATCH-NPL$b00$c20070912$lBLL01$h1138
=CAT  \\$aBATCH-LINK$b00$c20070915$lBLL01$h0513
=CAT  \\$aBATCH-LINK$b00$c20070915$lBLL01$h0522
=CAT  \\$aBATCH$b00$c20070916$lBLL01$h1800
=CAT  \\$aB-BSS-DEL$b00$c20080331$lBLL01$h1543
=CAT  \\$aNPL-008-N$c20110504$lBLL01$h2216
=CAT  \\$aADD-NID$b00$c20110805$lBLL01$h1427
=CAT  \\$aWR11_021$c20111124$lBLL01$h1526
=CAT  \\$aWR11_021$c20111124$lBLL01$h1532
=CAT  \\$aNPL-LOCK$b77$c20140207$lBLL01$h2201
=CAT  \\$c20140214$lBLL01$h1742
=CAT  \\$aNSB-MIG$b50$c20140215$lBLL01$h0156
=CAT  \\$aRESET-LEV$b50$c20140302$lBLL01$h2347
=CAT  \\$aW1910-0531$b00$c20200417$lBLL01$h1835
=CAT  \\$aRESET-LEV$b50$c20200417$lBLL01$h2239
=FIN  \\$aY
=FMT  \\$a  SE
=LAS  \\$aRESET-LEV$b50$c20200417$lBLL01$h2239
=LEO  \\$aMP35.0000114970
=LKR  \\$aPAR$lBLL01$r78500$nCheltenham Free Press and Weekly Fashionable Directory, and Gloucestershire Herald - no.1916, etc (2 Oct.1858 - 18 May 1867)$b013905903$mCheltenham Free Press and Gloucestershire Herald. - no.1-1915 (1 Nov.1834 - 25 Sept.1858)
=NID  \\$aNID0014042
=SRC  \\$aNPLv17$bbibmp35.20070831.aa
=TCO  \\$aZZZ$c008

