=LDR  02216cas a2200577u  4500
=001  013906298
=003  Uk
=005  20201017093205.0
=008  950421d18851887||||||n|||\\\\0\\\||eng\\
=FMT  \\$a  SE
=019  n\$aNLC0015530
=040  \\$aUk$cUk
=082  04$a072.2312$222
=245  04$aThe Dartford Times and District Reporter.
=336  \\$atext$2rdacontent
=337  \\$aunmediated$2rdamedia
=338  \\$avolume$2rdacarrier
=500  \\$aIncorporated with "Dartford and West Kent Advertiser".
=651  \0$aDartford (England)$vNewspapers.
=651  \0$aKent (England)$vNewspapers.
=752  \\$aEngland$bKent$dDartford.$2blnpn
=780  00$tDartford Times$gno.1-34 (4 March - 21 Oct.1885)$w013906297
=866  \0$aNewspapers :no.35-127 (31 Oct.1885 - 6 Aug.1887)
=883  0\$aLanguage codes assigned by Bayesian analysis of words present in record$d20200826$qUk$c0.9919
=852  41$31891$aBritish Library$bNPL$cEW$j902 [1891]
=852  \\$aBritish Library$bNPL$cEW
=852  41$aBritish Library$bNPL$jNEWS shelfmarks - see explore.bl.uk for full holdings
=852  41$aBritish Library$bHMNTS$zMicroform.$jMFM shelfmarks - see explore.bl.uk for full holdings
=985  \\$aDisaggregated Record: NPL
=985  \\$aUpgraded by BSS-generated file for WR2009-0365
=CAT  \\$aBATCH-NPL$b00$c20070912$lBLL01$h1138
=CAT  \\$aBATCH-LINK$b00$c20070915$lBLL01$h0506
=CAT  \\$aBATCH$b00$c20070916$lBLL01$h1800
=CAT  \\$aB-BSS-DEL$b00$c20080331$lBLL01$h1543
=CAT  \\$aNPL-008-N$c20110504$lBLL01$h2216
=CAT  \\$aADD-NID$b00$c20110805$lBLL01$h1427
=CAT  \\$aWR11_021$c20111124$lBLL01$h1526
=CAT  \\$aWR11_021$c20111124$lBLL01$h1533
=CAT  \\$aNPL-LOCK$b77$c20140207$lBLL01$h2201
=CAT  \\$c20140214$lBLL01$h1742
=CAT  \\$aNSB-MIG$b50$c20140215$lBLL01$h0153
=CAT  \\$aRESET-LEV$b50$c20140302$lBLL01$h2348
=CAT  \\$c20140411$lBLL01$h1326
=CAT  \\$aW2009-0365$b00$c20201017$lBLL01$h0932
=CAT  \\$aRESET-LEV$b50$c20201017$lBLL01$h1749
=FIN  \\$aY
=LEO  \\$aMP35.0000115265.1
=NID  \\$aNID0014384
=SRC  \\$aNPLv17$bbibmp35.20070831.aa
=TCO  \\$aZZZ$c008
=LAS  \\$aRESET-LEV$b50$c20201017$lBLL01$h1749

