=LDR  02269 as a2200589u  4500
=001  013907065
=003  Uk
=005  20200417183531.0
=008  950421d18681902||||||n|||\\\\0\\\||eng\\
=019  n\$aNLC0016195
=040  \\$aUk$cUk
=082  04$a072.2162$222
=245  00$aSurrey Standard, Weald of Kent Mail, and County Advertiser.
=336  \\$atext$2rdacontent
=337  \\$aunmediated$2rdamedia
=338  \\$avolume$2rdacarrier
=500  \\$aA localised edition of the "Sussex Agricultural Express".
=651  \0$aGuildford (England)$vNewspapers.
=651  \0$aSurrey (England)$vNewspapers.
=752  \\$aEngland$bSurrey$dGuildford.$2blnpn
=852  \\$aBritish Library$bNPL$cLON
=852  41$31893$aBritish Library$bNPL$cLON$jLD40$xBound with Sunday Times
=852  \\$aBritish Library$bNPL$cLON
=852  41$31893$aBritish Library$bNPL$cLON$jLD40$xBound with Sunday Times
=852  41$aBritish Library$bNPL$jNEWS shelfmarks - see explore.bl.uk for full holdings
=852  41$aBritish Library$bHMNTS$zMicroform.$jMFM shelfmarks - see explore.bl.uk for full holdings
=866  \0$aNewspapers :no.2116-7287 (4 Jan.1868 - 30 Dec.1902)
=985  \\$aUpgraded by BSS-generated file for WR1910-0531
=CAT  \\$aBATCH-NPL$b00$c20070912$lBLL01$h1139
=CAT  \\$aBATCH$b00$c20070916$lBLL01$h1801
=CAT  \\$aNPL-008-N$c20110504$lBLL01$h2217
=CAT  \\$aADD-NID$b00$c20110805$lBLL01$h1428
=CAT  \\$aWR11_021$c20111124$lBLL01$h1526
=CAT  \\$aWR11_021$c20111124$lBLL01$h1533
=CAT  \\$aNPL-LOCK$b77$c20140207$lBLL01$h2201
=CAT  \\$c20140214$lBLL01$h1742
=CAT  \\$aNSB-MIG$b50$c20140215$lBLL01$h0151
=CAT  \\$aNSB-MIG$b50$c20140215$lBLL01$h0152
=CAT  \\$aNSB-MIG$b50$c20140215$lBLL01$h0153
=CAT  \\$aNSB-MIG$b50$c20140215$lBLL01$h0154
=CAT  \\$aNSB-MIG$b50$c20140215$lBLL01$h0157
=CAT  \\$aNSB-MIG$b50$c20140215$lBLL01$h0159
=CAT  \\$aRESET-LEV$b50$c20140302$lBLL01$h2348
=CAT  \\$aW1910-0531$b00$c20200417$lBLL01$h1835
=CAT  \\$aRESET-LEV$b50$c20200417$lBLL01$h2240
=FIN  \\$aY
=FMT  \\$a  SE
=LAS  \\$aRESET-LEV$b50$c20200417$lBLL01$h2240
=LEO  \\$aMP35.0000115916
=NID  \\$aNID0015092
=SRC  \\$aNPLv17$bbibmp35.20070831.aa
=TCO  \\$aZZZ$c008

