=LDR  06659 as a2201249u  4500
=001  013907322
=003  Uk
=005  20201017093211.0
=008  950421d18301835|||wr|n|||\\\\0\\\||eng\\
=019  n\$aNLC0016401
=040  \\$aUk$cUk
=082  04$a072.232$222
=245  00$aRochester Gazette, and Kent, Essex, Surrey and Sussex Weekly Advertiser.
=336  \\$atext$2rdacontent
=337  \\$aunmediated$2rdamedia
=338  \\$avolume$2rdacarrier
=651  \0$aKent (England)$vNewspapers.
=651  \0$aRochester (Kent, England)$vNewspapers.
=752  \\$aEngland$bKent$dRochester.$2blnpn
=785  00$tRochester, Chatham and Strood Gazette, etc$gno.747-2460 (14 July 1835 - 30 June 1868)$w013907323
=852  41$31831-1851$aBritish Library$bNPL$jNEWS5617
=852  41$31830$aBritish Library$bNPL$jPENN.P119
=852  41$31831$aBritish Library$bHMNTS$zMicroform.$jMFM.M41930 [1831]
=852  41$31832$aBritish Library$bHMNTS$zMicroform.$jMFM.M41930 [1832]
=852  41$31827$aBritish Library$bHMNTS$zMicroform.$jMFM.M39280 [1827]
=852  41$31830$aBritish Library$bHMNTS$zMicroform.$jMFM.M41930 [1830]
=852  41$31842$aBritish Library$bHMNTS$zMicroform.$jMFM.M22071 [1842]
=852  41$31849$aBritish Library$bHMNTS$zMicroform.$jMFM.M22128 [1849]
=852  41$31799$aBritish Library$bHMNTS$zMicroform.$jMFM.M75087 [1799]
=852  41$31800$aBritish Library$bHMNTS$zMicroform.$jMFM.M75088 [1800]
=852  41$31801$aBritish Library$bHMNTS$zMicroform.$jMFM.M75089 [1801]
=852  41$31802-1803$aBritish Library$bHMNTS$zMicroform.$jMFM.M75090 [1802-1803]
=852  41$31825$aBritish Library$bHMNTS$zMicroform.$jMFM.M75111 [1825]
=852  41$31826$aBritish Library$bHMNTS$zMicroform.$jMFM.M75112 [1826]
=852  41$31827$aBritish Library$bHMNTS$zMicroform.$jMFM.M75113 [1827]
=852  41$31828-1829$aBritish Library$bHMNTS$zMicroform.$jMFM.M75114 [1828-1829]
=852  41$31830-1831$aBritish Library$bHMNTS$zMicroform.$jMFM.M75115 [1830-1831]
=852  41$31833-1834$aBritish Library$bHMNTS$zMicroform.$jMFM.M75116 [1833-1834]
=852  41$31835-1836$aBritish Library$bHMNTS$zMicroform.$jMFM.M75117 [1835-1836]
=852  41$31837-1838$aBritish Library$bHMNTS$zMicroform.$jMFM.M75118 [1837-1838]
=852  \\$aBritish Library$bNPL$cEW
=852  41$31794-1795$aBritish Library$bHMNTS$zMicroform.$jMFM.M75084 [1794-1795]
=852  41$31796-1797$aBritish Library$bHMNTS$zMicroform.$jMFM.M75085 [1796-1797]
=852  41$31798$aBritish Library$bHMNTS$zMicroform.$jMFM.M75086 [1798]
=852  41$31791-1792$aBritish Library$bHMNTS$zMicroform.$jMFM.M75082 [1791-1792]
=852  41$31793$aBritish Library$bHMNTS$zMicroform.$jMFM.M75083 [1793]
=852  41$31832$aBritish Library$bHMNTS$zMicroform.$jMFM.M39217 [1832]
=852  41$31791-1830$aBritish Library$bNPL$jPENN.P7
=852  41$31804-1805$aBritish Library$bHMNTS$zMicroform.$jMFM.M75091 [1804-1805]
=852  41$31806$aBritish Library$bHMNTS$zMicroform.$jMFM.M75092 [1806]
=852  41$31807$aBritish Library$bHMNTS$zMicroform.$jMFM.M75093 [1807]
=852  41$31808$aBritish Library$bHMNTS$zMicroform.$jMFM.M75094 [1808]
=852  41$31809$aBritish Library$bHMNTS$zMicroform.$jMFM.M75095 [1809]
=852  41$31810$aBritish Library$bHMNTS$zMicroform.$jMFM.M75096 [1810]
=852  41$31811$aBritish Library$bHMNTS$zMicroform.$jMFM.M75097 [1811]
=852  41$31812$aBritish Library$bHMNTS$zMicroform.$jMFM.M75098 [1812]
=852  41$31813$aBritish Library$bHMNTS$zMicroform.$jMFM.M75099 [1813]
=852  41$31814$aBritish Library$bHMNTS$zMicroform.$jMFM.M75100 [1814]
=852  41$31816$aBritish Library$bHMNTS$zMicroform.$jMFM.M75102 [1816]
=852  41$31815$aBritish Library$bHMNTS$zMicroform.$jMFM.M75101 [1815]
=852  41$31817$aBritish Library$bHMNTS$zMicroform.$jMFM.M75103 [1817]
=852  41$31818$aBritish Library$bHMNTS$zMicroform.$jMFM.M75104 [1818]
=852  41$31819$aBritish Library$bHMNTS$zMicroform.$jMFM.M75105 [1819]
=852  41$31820$aBritish Library$bHMNTS$zMicroform.$jMFM.M75106 [1820]
=852  41$31821$aBritish Library$bHMNTS$zMicroform.$jMFM.M75107 [1821]
=852  41$31822$aBritish Library$bHMNTS$zMicroform.$jMFM.M75108 [1822]
=852  41$31823$aBritish Library$bHMNTS$zMicroform.$jMFM.M75109 [1823]
=852  41$31824$aBritish Library$bHMNTS$zMicroform.$jMFM.M75110 [1824]
=852  41$31831-1838$aBritish Library$bNPL$jNEWS8482
=852  41$31831-1851$aBritish Library$bNPL$jNEWS5617
=852  41$31830$aBritish Library$bNPL$jPENN.P119
=852  41$31831$aBritish Library$bHMNTS$zMicroform.$jMFM.M41930 [1831]
=852  41$31832$aBritish Library$bHMNTS$zMicroform.$jMFM.M41930 [1832]
=852  41$31827$aBritish Library$bHMNTS$zMicroform.$jMFM.M39280 [1827]
=852  41$31830$aBritish Library$bHMNTS$zMicroform.$jMFM.M41930 [1830]
=852  41$31842$aBritish Library$bHMNTS$zMicroform.$jMFM.M22071 [1842]
=852  41$31849$aBritish Library$bHMNTS$zMicroform.$jMFM.M22128 [1849]
=852  41$31831-1835$aBritish Library$bNPL$jNEWS9512
=852  41$31830-1832$aBritish Library$bHMNTS$zMicroform.$jMFM.M41933 [1830-1832]
=866  \0$aNewspapers :no.459-745 (5 Jan.1830 - 7 July 1835)
=883  0\$aLanguage codes assigned by Bayesian analysis of words present in record$d20200826$qUk$c0.9919
=985  \\$aDisaggregated Record: NPL
=985  \\$aUpgraded by BSS-generated file for WR2009-0365
=CAT  \\$aBATCH-NPL$b00$c20070912$lBLL01$h1139
=CAT  \\$aBATCH-LINK$b00$c20070915$lBLL01$h0513
=CAT  \\$aBATCH-LINK$b00$c20070915$lBLL01$h0522
=CAT  \\$aBATCH$b00$c20070916$lBLL01$h1802
=CAT  \\$aB-BSS-DEL$b00$c20080331$lBLL01$h1543
=CAT  \\$aNPL-008-N$c20110504$lBLL01$h2217
=CAT  \\$aADD-NID$b00$c20110805$lBLL01$h1428
=CAT  \\$aWR11_021$c20111124$lBLL01$h1526
=CAT  \\$aWR11_021$c20111124$lBLL01$h1533
=CAT  \\$aNPL-LOCK$b77$c20140207$lBLL01$h2201
=CAT  \\$c20140214$lBLL01$h1742
=CAT  \\$aNSB-MIG$b50$c20140215$lBLL01$h0156
=CAT  \\$aNSB-MIG$b50$c20140215$lBLL01$h0157
=CAT  \\$aNSB-MIG$b50$c20140215$lBLL01$h0205
=CAT  \\$aW2009-0365$b00$c20201017$lBLL01$h0932
=CAT  \\$aRESET-LEV$b50$c20201017$lBLL01$h1749
=FIN  \\$aY
=FMT  \\$a  SE
=LAS  \\$aRESET-LEV$b50$c20201017$lBLL01$h1749
=LEO  \\$aMP35.0000116120
=LKR  \\$aPAR$lBLL01$r78500$nRochester, Chatham and Strood Gazette, etc - no.747-2460 (14 July 1835 - 30 June 1868)$b013907323$mRochester Gazette, and Kent, Essex, Surrey and Sussex Weekly Advertiser. - no.459-745 (5 Jan.1830 - 7 July 1835)
=NID  \\$aNID0015324
=SRC  \\$aNPLv17$bbibmp35.20070831.aa
=TCO  \\$aZZZ$c008

