=LDR  03254 as a2200697u  4500
=001  013907663
=003  Uk
=005  20201017093214.0
=008  950421d18871909|||dr|n|||\\\\0\\\||eng\\
=019  n\$aNLC0016727
=040  \\$aUk$cUk
=082  04$a072.847$222
=245  04$aThe Scarborough Post.
=336  \\$atext$2rdacontent
=337  \\$aunmediated$2rdamedia
=338  \\$avolume$2rdacarrier
=500  \\$aMicrofilm: Jan.-June 1899; Jan.-June 1908; July-Dec.1911.
=651  \0$aNorth Yorkshire (England)$vNewspapers.
=651  \0$aScarborough (England)$vNewspapers.
=752  \\$aEngland$bNorth Yorkshire$dScarborough.$2blnpn
=780  00$tScarborough Daily Post, and Eastern Echo$gno.1-3498 (21 Feb.1876 - 24 May 1887)$w013907662
=785  00$tScarborough Daily Post$gno.10893-11023,11046-36466 (1 July - 4 Dec.1911; 1 Jan.1912- 29 Sept.1921)$w013907664
=852  41$31876-1887$aBritish Library$bNPL$jNEWS9722
=852  41$31876$aBritish Library$bHMNTS$z21 Feb-Dec 1976$zMicroform.$jMFM.M37410-12
=852  41$31877$aBritish Library$bHMNTS$zMicroform.$jMFM.M32770-72
=852  41$31876$aBritish Library$bHMNTS$zMicroform.$jMFM.M37412 [1876]
=852  41$31877$aBritish Library$bHMNTS$zMicroform.$jMFM.M32772 [1877]
=852  41$31879$aBritish Library$bHMNTS$zMicroform.$jMFM.M37364 [1879]
=852  41$31879$aBritish Library$bHMNTS$zMicroform.$jMFM.M37362 [1879]
=852  \\$aBritish Library$bNPL$cEW
=852  41$31887-1909$aBritish Library$bNPL$jNEWS9723
=852  41$31889$aBritish Library$bHMNTS$zMicroform.$jMFM.M29981-4
=852  41$31908$aBritish Library$bHMNTS$zJan - Jun$zMicroform.$jMFM.M1065-6
=852  41$31899$aBritish Library$bHMNTS$zJan - Jun$zMicroform.$jMFM.M2347 [1899]
=866  \0$aNewspapers :no.3499-6437,7060-10441 (25 May 1887 - 24 Dec.1896; 3 Jan.1899 - 31 Dec.1909)
=883  0\$aLanguage codes assigned by Bayesian analysis of words present in record$d20200826$qUk$c0.9919
=985  \\$aDisaggregated Record: NPL
=985  \\$aUpgraded by BSS-generated file for WR2009-0365
=CAT  \\$aBATCH-NPL$b00$c20070912$lBLL01$h1139
=CAT  \\$aBATCH-LINK$b00$c20070915$lBLL01$h0506
=CAT  \\$aBATCH-LINK$b00$c20070915$lBLL01$h0513
=CAT  \\$aBATCH-LINK$b00$c20070915$lBLL01$h0522
=CAT  \\$aBATCH$b00$c20070916$lBLL01$h1802
=CAT  \\$aB-BSS-DEL$b00$c20080331$lBLL01$h1543
=CAT  \\$aNPL-008-N$c20110504$lBLL01$h2217
=CAT  \\$aADD-NID$b00$c20110805$lBLL01$h1428
=CAT  \\$aWR11_021$c20111124$lBLL01$h1526
=CAT  \\$aWR11_021$c20111124$lBLL01$h1533
=CAT  \\$aNPL-LOCK$b77$c20140207$lBLL01$h2202
=CAT  \\$c20140214$lBLL01$h1742
=CAT  \\$aNSB-MIG$b50$c20140215$lBLL01$h0153
=CAT  \\$aW2009-0365$b00$c20201017$lBLL01$h0932
=CAT  \\$aRESET-LEV$b50$c20201017$lBLL01$h1750
=FIN  \\$aY
=FMT  \\$a  SE
=LAS  \\$aRESET-LEV$b50$c20201017$lBLL01$h1750
=LEO  \\$aMP35.0000116441.1
=LKR  \\$aPAR$lBLL01$r78500$nScarborough Daily Post - no.10893-11023,11046-36466 (1 July - 4 Dec.1911; 1 Jan.1912- 29 Sept.1921)$b013907664$mThe Scarborough Post. - no.3499-6437,7060-10441 (25 May 1887 - 24 Dec.1896; 3 Jan.1899 - 31 Dec.1909)
=NID  \\$aNID0015630
=SRC  \\$aNPLv17$bbibmp35.20070831.aa
=TCO  \\$aZZZ$c008

