=LDR  02231 as a2200577u  4500
=001  013907668
=003  Uk
=005  20201017093214.0
=008  950421d18361846||||||n|||\\\\0\\\||eng\\
=019  n\$aNLC0016731
=040  \\$aUk$cUk
=082  04$a072.847$222
=245  04$aThe Scarborough Herald and General Advertiser.
=336  \\$atext$2rdacontent
=337  \\$aunmediated$2rdamedia
=338  \\$avolume$2rdacarrier
=651  \0$aNorth Yorkshire (England)$vNewspapers.
=651  \0$aScarborough (England)$vNewspapers.
=752  \\$aEngland$bNorth Yorkshire$dScarborough.$2blnpn
=852  41$31880$aBritish Library$bNPL$cEW$j398 [1880]
=852  41$31880$aBritish Library$bNPL$cEW$j398 [1880]
=852  \\$aBritish Library$bNPL$cEW
=852  41$31880$aBritish Library$bNPL$cEW$j398 [1880]
=852  41$aBritish Library$bNPL$jNEWS shelfmarks - see explore.bl.uk for full holdings
=852  41$aBritish Library$bHMNTS$zMicroform.$jMFM shelfmarks - see explore.bl.uk for full holdings
=866  \0$aNewspapers :vol.1.no.1 - vol.11.no.48 (15 Sept.1836 - 30 April 1846)
=883  0\$aLanguage codes assigned by Bayesian analysis of words present in record$d20200826$qUk$c0.9919
=985  \\$aUpgraded by BSS-generated file for WR2009-0365
=CAT  \\$aBATCH-NPL$b00$c20070912$lBLL01$h1139
=CAT  \\$aBATCH$b00$c20070916$lBLL01$h1802
=CAT  \\$aB-BSS-DEL$b00$c20080331$lBLL01$h1543
=CAT  \\$aNPL-008-N$c20110504$lBLL01$h2217
=CAT  \\$aADD-NID$b00$c20110805$lBLL01$h1428
=CAT  \\$aWR11_021$c20111124$lBLL01$h1526
=CAT  \\$aWR11_021$c20111124$lBLL01$h1533
=CAT  \\$aNPL-LOCK$b77$c20140207$lBLL01$h2202
=CAT  \\$c20140214$lBLL01$h1742
=CAT  \\$aNSB-MIG$b50$c20140215$lBLL01$h0156
=CAT  \\$aNSB-MIG$b50$c20140215$lBLL01$h0204
=CAT  \\$aRESET-LEV$b50$c20140302$lBLL01$h2349
=CAT  \\$c20140411$lBLL01$h1326
=CAT  \\$c20140425$lBLL01$h1452
=CAT  \\$aW2009-0365$b00$c20201017$lBLL01$h0932
=CAT  \\$aRESET-LEV$b50$c20201017$lBLL01$h1750
=FIN  \\$aY
=FMT  \\$a  SE
=LAS  \\$aRESET-LEV$b50$c20201017$lBLL01$h1750
=LEO  \\$aMP35.0000116445
=NID  \\$aNID0015635
=SRC  \\$aNPLv17$bbibmp35.20070831.aa
=TCO  \\$aZZZ$c008

