=LDR  02622 as a2200637u  4500
=001  013907788
=003  Uk
=005  20201127181417.0
=008  950421d18611861|||wr|n|||\\\\0\\\||eng\\
=019  n\$aNLC0016838
=040  \\$aUk$cUk
=082  04$a072.821$222
=245  00$aSheffield & Rotherham Weekly Advertiser.
=336  \\$atext$2rdacontent
=337  \\$aunmediated$2rdamedia
=338  \\$avolume$2rdacarrier
=500  \\$aDiscontinued.
=651  \0$aSheffield (England)$vNewspapers.
=651  \0$aSouth Yorkshire (England)$vNewspapers.
=752  \\$aEngland$bSouth Yorkshire$dSheffield.$2blnpn
=852  41$31857-1867$aBritish Library$bNPL$jNEWS4010
=852  41$31859$aBritish Library$bHMNTS$zMicroform.$jMFM.M23086 [1859]
=852  41$31860$aBritish Library$bHMNTS$zMicroform.$jMFM.M23086 [1860]
=852  \\$aBritish Library$bNPL$cEW
=852  41$31861$aBritish Library$bHMNTS$zMicroform.$jMFM.M90689 [1861]
=852  41$31862$aBritish Library$bHMNTS$zMicroform.$jMFM.M90690 [1862]
=852  41$31863$aBritish Library$bHMNTS$zMicroform.$jMFM.M90691 [1863]
=852  41$31864$aBritish Library$bHMNTS$zMicroform.$jMFM.M90692 [1864]
=852  41$31865$aBritish Library$bHMNTS$zMicroform.$jMFM.M90693 [1865]
=852  41$31866$aBritish Library$bHMNTS$zMicroform.$jMFM.M90694 [1866]
=852  41$31867$aBritish Library$bHMNTS$z5 Jan-5 Oct 1867$zMicroform.$jMFM.M90695 [1867]
=852  41$31857$aBritish Library$bHMNTS$zMicroform.$jMFM.M23085 [1857]
=852  41$31858$aBritish Library$bHMNTS$zMicroform.$jMFM.M23086 [1858]
=866  \0$aNewspapers :no.1-13 (2 March - 25 May 1861)
=883  0\$aLanguage codes assigned by Bayesian analysis of words present in record$d20201028$qUk$c0.9010
=985  \\$aUpgraded by BSS-generated file for WR2011-1472
=CAT  \\$aBATCH-NPL$b00$c20070912$lBLL01$h1139
=CAT  \\$aBATCH$b00$c20070916$lBLL01$h1802
=CAT  \\$aB-BSS-DEL$b00$c20080331$lBLL01$h1544
=CAT  \\$aNPL-008-N$c20110504$lBLL01$h2217
=CAT  \\$aADD-NID$b00$c20110805$lBLL01$h1428
=CAT  \\$aWR11_021$c20111124$lBLL01$h1526
=CAT  \\$aWR11_021$c20111124$lBLL01$h1533
=CAT  \\$aNPL-LOCK$b77$c20140207$lBLL01$h2202
=CAT  \\$c20140214$lBLL01$h1743
=CAT  \\$aNSB-MIG$b50$c20140215$lBLL01$h0158
=CAT  \\$c20140428$lBLL01$h1056
=CAT  \\$aW2011-1472$b00$c20201127$lBLL01$h1814
=CAT  \\$aRESET-LEV$b50$c20201127$lBLL01$h2241
=FIN  \\$aY
=FMT  \\$a  SE
=LAS  \\$aRESET-LEV$b50$c20201127$lBLL01$h2241
=LEO  \\$aMP35.0000116551
=NID  \\$aNID0015705
=SRC  \\$aNPLv17$bbibmp35.20070831.aa
=TCO  \\$aZZZ$c008

