=LDR  02890cas a2200733u  4500
=001  013907946
=003  Uk
=005  20201026140248.0
=008  950421d18921943||||||n|||\\\\0\\\||eng\\
=FMT  \\$a  SE
=019  n\$aNLC0016962
=040  \\$aUk$cUk
=082  04$a072.9144$222
=245  04$aThe Southern Press.
=336  \\$atext$2rdacontent
=337  \\$aunmediated$2rdamedia
=338  \\$avolume$2rdacarrier
=500  \\$aMicrofilm.
=500  \\$aDiscontinued.
=651  \0$aGlasgow (Scotland)$vNewspapers.
=651  \0$aStrathclyde (Scotland)$vNewspapers.
=752  \\$aScotland$bStrathclyde$dGlasgow.$2blnpn
=780  00$tSouth Suburban Press$gno.1-298 (15 Jan.1887 - 24 Sept.1892)$w013907945
=866  \0$aNewspapers :no.299 - year 56.no.19 (1 Oct.1892 - 7 May 1943)
=883  0\$aLanguage codes assigned by Bayesian analysis of words present in record$d20200826$qUk$c0.9919
=852  \\$aBritish Library$bNPL$cSCT
=852  \\$aBritish Library$bNPL$cSCT
=852  41$aBritish Library$bNPL$jNEWS shelfmarks - see explore.bl.uk for full holdings
=852  41$aBritish Library$bHMNTS$zMicroform.$jMFM shelfmarks - see explore.bl.uk for full holdings
=985  \\$aDisaggregated Record: NPL
=985  \\$aUpgraded by BSS-generated file for WR2009-0365
=CAT  \\$aBATCH-NPL$b00$c20070912$lBLL01$h1139
=CAT  \\$aRESET-LEV$b50$c20210902$lBLL01$h2128
=CAT  \\$aRESET-LEV$b50$c20211002$lBLL01$h1728
=CAT  \\$aRESET-LEV$b50$c20211102$lBLL01$h0307
=CAT  \\$aRESET-LEV$b50$c20211202$lBLL01$h2124
=CAT  \\$aRESET-LEV$b50$c20220103$lBLL01$h0034
=CAT  \\$aRESET-LEV$b50$c20220202$lBLL01$h0139
=CAT  \\$aRESET-LEV$b50$c20220302$lBLL01$h0055
=CAT  \\$aRESET-LEV$b50$c20220402$lBLL01$h1728
=CAT  \\$aRESET-LEV$b50$c20220502$lBLL01$h0242
=CAT  \\$aRESET-LEV$b50$c20220602$lBLL01$h2126
=CAT  \\$aRESET-LEV$b50$c20220702$lBLL01$h1729
=CAT  \\$aRESET-LEV$b50$c20220802$lBLL01$h0353
=CAT  \\$aRESET-LEV$b50$c20220902$lBLL01$h2222
=CAT  \\$aRESET-LEV$b50$c20221003$lBLL01$h0414
=CAT  \\$aRESET-LEV$b50$c20221102$lBLL01$h0233
=CAT  \\$aRESET-LEV$b50$c20221202$lBLL01$h2225
=CAT  \\$aRESET-LEV$b50$c20230102$lBLL01$h0300
=CAT  \\$aRESET-LEV$b50$c20230202$lBLL01$h2127
=CAT  \\$aRESET-LEV$b50$c20230302$lBLL01$h2136
=CAT  \\$aRESET-LEV$b50$c20230403$lBLL01$h0241
=CAT  \\$aRESET-LEV$b50$c20230502$lBLL01$h0324
=CAT  \\$aRESET-LEV$b50$c20230602$lBLL01$h2227
=CAT  \\$aRESET-LEV$b50$c20230703$lBLL01$h0508
=CAT  \\$aRESET-LEV$b50$c20230802$lBLL01$h0210
=CAT  \\$aRESET-LEV$b50$c20230902$lBLL01$h1741
=CAT  \\$aRESET-LEV$b50$c20231002$lBLL01$h0445
=FIN  \\$aY
=LEO  \\$aMP35.0000116672.1
=NID  \\$aNID0015814
=SRC  \\$aNPLv17$bbibmp35.20070831.aa
=TCO  \\$aZZZ$c008
=LAS  \\$aRESET-LEV$b50$c20231002$lBLL01$h0445

