=LDR  02538 as a2200661u  4500
=001  013908284
=003  Uk
=005  20201017093217.0
=008  950421d19181918||||||n|||\\\\0\\\||eng\\
=019  n\$aNLC0017240
=040  \\$aUk$cUk
=082  04$a072.9144$222
=245  04$aThe Western News.
=336  \\$atext$2rdacontent
=337  \\$aunmediated$2rdamedia
=338  \\$avolume$2rdacarrier
=651  \0$aGlasgow (Scotland)$vNewspapers.
=651  \0$aStrathclyde (Scotland)$vNewspapers.
=752  \\$aScotland$bStrathclyde$dGlasgow.$2blnpn
=852  41$31904-1985$aBritish Library$bNPL$jNEWS16366
=852  41$31940$aBritish Library$bNPL$cSCT$j213 [1940]
=852  41$31961$aBritish Library$bNPL$j2717 [1961]
=852  41$31962$aBritish Library$bNPL$j2845 [1962]
=852  41$31963$aBritish Library$bNPL$j1761 [1963]
=852  41$31964$aBritish Library$bNPL$j2006 [1964]
=852  41$31965$aBritish Library$bNPL$j1513 [1965]
=852  41$31966$aBritish Library$bNPL$j2951-2 [1966]
=852  41$31967$aBritish Library$bNPL$j2863-4 [1967]
=852  41$31968$aBritish Library$bNPL$j3389-90 [1968]
=852  41$31969$aBritish Library$bNPL$j3741-2 [1969]
=852  41$31970$aBritish Library$bNPL$j4068-9 [1970]
=852  41$31971$aBritish Library$bNPL$j4362-3 [1971]
=852  41$31973$aBritish Library$bNPL$j3043-4 [1973]
=852  41$31974$aBritish Library$bNPL$j4167-8 [1974]
=852  41$31975$aBritish Library$bNPL$j2980-1 [1975]
=852  41$aBritish Library$bNPL$cSCT
=866  \0$aNewspapers :no.294-300 (15 June - 27 July 1918)
=883  0\$aLanguage codes assigned by Bayesian analysis of words present in record$d20200826$qUk$c0.9919
=985  \\$aUpgraded by BSS-generated file for WR2009-0365
=CAT  \\$aBATCH-NPL$b00$c20070912$lBLL01$h1139
=CAT  \\$aBATCH$b00$c20070916$lBLL01$h1803
=CAT  \\$aB-BSS-DEL$b00$c20080331$lBLL01$h1544
=CAT  \\$aNPL-008-N$c20110504$lBLL01$h2218
=CAT  \\$aADD-NID$b00$c20110805$lBLL01$h1428
=CAT  \\$aWR11_021$c20111124$lBLL01$h1526
=CAT  \\$aWR11_021$c20111124$lBLL01$h1533
=CAT  \\$aNPL-LOCK$b77$c20140207$lBLL01$h2202
=CAT  \\$c20140214$lBLL01$h1743
=CAT  \\$aNSB-MIG$b50$c20140215$lBLL01$h0147
=CAT  \\$aW2009-0365$b00$c20201017$lBLL01$h0932
=CAT  \\$aRESET-LEV$b50$c20201017$lBLL01$h1750
=FIN  \\$aY
=FMT  \\$a  SE
=LAS  \\$aRESET-LEV$b50$c20201017$lBLL01$h1750
=LEO  \\$aMP35.0000116943
=NID  \\$aNID0016098
=SRC  \\$aNPLv17$bbibmp35.20070831.aa
=TCO  \\$aZZZ$c008

