=LDR  01938cas a2200517u  4500
=001  013908288
=003  Uk
=005  20201017093217.0
=008  950421d18861887||||||n|||\\\\0\\\||eng\\
=FMT  \\$a  SE
=019  n\$aNLC0017245
=040  \\$aUk$cUk
=082  04$a072.9144$222
=245  04$aThe Saturday Post and Govan Independent.
=250  \\$a(South-western edition.).
=336  \\$atext$2rdacontent
=337  \\$aunmediated$2rdamedia
=338  \\$avolume$2rdacarrier
=651  \0$aGlasgow (Scotland)$vNewspapers.
=651  \0$aStrathclyde (Scotland)$vNewspapers.
=752  \\$aScotland$bStrathclyde$dGlasgow.$2blnpn
=866  \0$aNewspapers :no.21-31 (13 Nov. 1886-29 Jan. 1887)
=883  0\$aLanguage codes assigned by Bayesian analysis of words present in record$d20200826$qUk$c0.9919
=852  41$31886$aBritish Library$bNPL$cSCT
=852  41$aBritish Library$bNPL$jNEWS shelfmarks - see explore.bl.uk for full holdings
=852  41$aBritish Library$bHMNTS$zMicroform.$jMFM shelfmarks - see explore.bl.uk for full holdings
=985  \\$aUpgraded by BSS-generated file for WR2009-0365
=CAT  \\$aBATCH-NPL$b00$c20070912$lBLL01$h1139
=CAT  \\$aBATCH$b00$c20070916$lBLL01$h1803
=CAT  \\$aB-BSS-DEL$b00$c20080331$lBLL01$h1544
=CAT  \\$aNPL-008-N$c20110504$lBLL01$h2218
=CAT  \\$aADD-NID$b00$c20110805$lBLL01$h1428
=CAT  \\$aWR11_021$c20111124$lBLL01$h1526
=CAT  \\$aWR11_021$c20111124$lBLL01$h1533
=CAT  \\$aNPL-LOCK$b77$c20140207$lBLL01$h2202
=CAT  \\$c20140214$lBLL01$h1743
=CAT  \\$aNSB-MIG$b50$c20140215$lBLL01$h0148
=CAT  \\$aRESET-LEV$b50$c20140302$lBLL01$h2350
=CAT  \\$aW2009-0365$b00$c20201017$lBLL01$h0932
=CAT  \\$aRESET-LEV$b50$c20201017$lBLL01$h1750
=FIN  \\$aY
=LEO  \\$aMP35.0000116948
=NID  \\$aNID0016101
=SRC  \\$aNPLv17$bbibmp35.20070831.aa
=TCO  \\$aZZZ$c008
=LAS  \\$aRESET-LEV$b50$c20201017$lBLL01$h1750

