=LDR  03886cas a2200913u  4500
=001  013909441
=003  Uk
=005  20201017093226.0
=008  950421d18931968||||||n|||\\\\0\\\||eng\\
=FMT  \\$a  SE
=019  n\$aNLC0018158
=040  \\$aUk$cUk
=082  04$a072.91464$222
=245  04$aThe Troon Herald and Ayrshire Advertiser.
=336  \\$atext$2rdacontent
=337  \\$aunmediated$2rdamedia
=338  \\$avolume$2rdacarrier
=500  \\$aHard copy: Dec.1893-Dec.1915, March 1916-Nov.1968.
=500  \\$aMicrofilm: Dec.1893-Dec.1915, March 1916-Dec.1950.
=500  \\$aImperfect.
=500  \\$aIncorporated with the "Ayrshire Post".
=651  \0$aSouth Ayrshire (Scotland)$vNewspapers.
=651  \0$aTroon (Scotland)$vNewspapers.
=752  \\$aScotland$bStrathclyde$dTroon.$2blnpn
=866  \0$aNewspapers :no.1-1142,1155, etc (8 Dec.1893 - 10 Dec.1915; 10 March 1916 - 1 Nov.1968)
=883  0\$aLanguage codes assigned by Bayesian analysis of words present in record$d20200826$qUk$c0.9919
=852  \\$aBritish Library$bNPL$cSCT
=852  41$31858$aBritish Library$bNPL$cSCT$j704 [1858]
=852  41$31916$aBritish Library$bNPL$cSCT$j3028 [1916]
=852  41$31891$aBritish Library$bNPL$cIRL$j55 [1891]
=852  41$31892$aBritish Library$bNPL$cIRL$j100 [1892]
=852  41$31893$aBritish Library$bNPL$cIRL$j20 [1893]
=852  41$31894$aBritish Library$bNPL$cIRL$j6 [1894]
=852  41$31895$aBritish Library$bNPL$cIRL$j127 [1895]
=852  41$31896$aBritish Library$bNPL$cIRL$j57 [1896]
=852  41$aBritish Library$bNPL$jNEWS shelfmarks - see explore.bl.uk for full holdings
=852  41$aBritish Library$bHMNTS$zMicroform.$jMFM shelfmarks - see explore.bl.uk for full holdings
=852  41$31891$aBritish Library$bNPL$cIRL$j36 [1891]
=852  41$31890$aBritish Library$bNPL$cIRL$j36 [1890]
=852  41$31892$aBritish Library$bNPL$cIRL$j10 [1892]
=852  41$31893$aBritish Library$bNPL$cIRL$j16 [1893]
=852  41$31894$aBritish Library$bNPL$cIRL$j81 [1894]
=852  41$31895$aBritish Library$bNPL$cIRL$j18 [1895]
=852  41$31896$aBritish Library$bNPL$cIRL$j91 [1896]
=852  41$31879$aBritish Library$bNPL$cIRL$j28 [1879]
=852  41$31878$aBritish Library$bNPL$cIRL$j6 [1878]
=852  41$31880$aBritish Library$bNPL$cIRL$j41 [1880]
=852  41$31881$aBritish Library$bNPL$cIRL$j2 [1881]
=852  41$31882$aBritish Library$bNPL$cIRL$j40A [1882]
=852  41$31883$aBritish Library$bNPL$cIRL$j52 [1883]
=852  41$31884$aBritish Library$bNPL$cIRL$j20 [1884]
=852  41$31886$aBritish Library$bNPL$cIRL$j46 [1886]
=852  41$31887$aBritish Library$bNPL$cIRL$j16 [1887]
=852  41$31888$aBritish Library$bNPL$cIRL$j61 [1888]
=852  41$31889$aBritish Library$bNPL$cIRL$j48 [1889]
=985  \\$aUpgraded by BSS-generated file for WR2009-0365
=CAT  \\$aBATCH-NPL$b00$c20070912$lBLL01$h1140
=CAT  \\$aBATCH$b00$c20070916$lBLL01$h1805
=CAT  \\$aB-BSS-DEL$b00$c20080331$lBLL01$h1544
=CAT  \\$aNPL-008-N$c20110504$lBLL01$h2219
=CAT  \\$aADD-NID$b00$c20110805$lBLL01$h1428
=CAT  \\$aWR11_021$c20111124$lBLL01$h1526
=CAT  \\$aWR11_021$c20111124$lBLL01$h1533
=CAT  \\$aNPL-LOCK$b77$c20140207$lBLL01$h2203
=CAT  \\$c20140214$lBLL01$h1743
=CAT  \\$aNSB-MIG$b50$c20140215$lBLL01$h0146
=CAT  \\$aNSB-MIG$b50$c20140215$lBLL01$h0147
=CAT  \\$aNSB-MIG$b50$c20140215$lBLL01$h0150
=CAT  \\$aNSB-MIG$b50$c20140215$lBLL01$h0200
=CAT  \\$aNSB-MIG$b50$c20140215$lBLL01$h0203
=CAT  \\$aRESET-LEV$b50$c20140302$lBLL01$h2351
=CAT  \\$aW2009-0365$b00$c20201017$lBLL01$h0932
=CAT  \\$aRESET-LEV$b50$c20201017$lBLL01$h1750
=FIN  \\$aY
=LEO  \\$aMP35.0000117846
=NID  \\$aNID0017144
=SRC  \\$aNPLv17$bbibmp35.20070831.aa
=TCO  \\$aZZZ$c008
=LAS  \\$aRESET-LEV$b50$c20201017$lBLL01$h1750

