=LDR  09146 as a2201669u  4500
=001  013910091
=003  Uk
=005  20201017093228.0
=008  950421d18891918||||||n|||\\\\0\\\||eng\\
=019  n\$aNLC0018804
=040  \\$aUk$cUk
=082  04$a072.142$222
=245  04$aThe Hampstead Record :$b(Hampstead Record & Chronicle).
=336  \\$atext$2rdacontent
=337  \\$aunmediated$2rdamedia
=338  \\$avolume$2rdacarrier
=651  \0$aCamden (London, England)$vNewspapers.
=752  \\$aEngland$dLondon$fCamden.$2blnpn
=785  00$tHampstead & Highgate Record & Chronicle$gno.1526, etc (15 Nov.1918 - 4 Jan.1963)$w013910092
=852  41$31896$aBritish Library$bHMNTS$zMicroform.$jMFM.M73697 [1896]
=852  41$31897$aBritish Library$bHMNTS$zMicroform.$jMFM.M73697 [1897]
=852  41$31899$aBritish Library$bHMNTS$zMicroform.$jMFM.M73698 [1899]
=852  41$31900$aBritish Library$bHMNTS$zMicroform.$jMFM.M73698 [1900]
=852  41$31902$aBritish Library$bHMNTS$zMicroform.$jMFM.M73699 [1902]
=852  41$31903$aBritish Library$bHMNTS$zMicroform.$jMFM.M73699 [1903]
=852  41$31905$aBritish Library$bHMNTS$zMicroform.$jMFM.M73700 [1905]
=852  41$31906$aBritish Library$bHMNTS$zMicroform.$jMFM.M73700 [1906]
=852  41$31887$aBritish Library$bHMNTS$zMicroform.$jMFM.M73692 [1887]
=852  41$31888$aBritish Library$bHMNTS$zMicroform.$jMFM.M73692 [1888]
=852  41$31890$aBritish Library$bHMNTS$zMicroform.$jMFM.M73693 [1890]
=852  41$31894$aBritish Library$bHMNTS$zMicroform.$jMFM.M73696 [1894]
=852  41$31885$aBritish Library$bHMNTS$zMicroform.$jMFM.M73691 [1885]
=852  41$31886$aBritish Library$bHMNTS$zMicroform.$jMFM.M73692 [1886]
=852  41$31889$aBritish Library$bHMNTS$zMicroform.$jMFM.M73693 [1889]
=852  41$31891$aBritish Library$bHMNTS$zMicroform.$jMFM.M73694 [1891]
=852  41$31892$aBritish Library$bHMNTS$zMicroform.$jMFM.M73695 [1892]
=852  41$31893$aBritish Library$bHMNTS$zMicroform.$jMFM.M73696 [1893]
=852  41$31895$aBritish Library$bHMNTS$zMicroform.$jMFM.M73697 [1895]
=852  41$31898$aBritish Library$bHMNTS$zMicroform.$jMFM.M73698 [1898]
=852  41$31901$aBritish Library$bHMNTS$zMicroform.$jMFM.M73699 [1901]
=852  41$31904$aBritish Library$bHMNTS$zMicroform.$jMFM.M73700 [1904]
=852  41$31907$aBritish Library$bHMNTS$zMicroform.$jMFM.M73701 [1907]
=852  41$31885-1907$aBritish Library$bNPL$jNEWS11419
=852  41$31888-1981$aBritish Library$bNPL$jNEWS1687
=852  41$31979$aBritish Library$bHMNTS$zMicroform.$jMFM.M19801-2
=852  41$31980$aBritish Library$bHMNTS$zMicroform.$jMFM.M7800-1
=852  41$31981$aBritish Library$bHMNTS$zMicroform.$jMFM.M7802-3
=852  41$31982-1997$aBritish Library$bHMNTS$zMicroform.$jMFM.SP112
=852  41$31888-1890$aBritish Library$bHMNTS$zMicroform.$jMFM.M72796 [1888-1890]
=852  41$31891-1893$aBritish Library$bHMNTS$zMicroform.$jMFM.M72797 [1891-1893]
=852  41$31894-1895$aBritish Library$bHMNTS$zMicroform.$jMFM.M72798 [1894-1895]
=852  41$31896$aBritish Library$bHMNTS$zMicroform.$jMFM.M72799 [1896]
=852  41$31897$aBritish Library$bHMNTS$zMicroform.$jMFM.M72800 [1897]
=852  41$31898$aBritish Library$bHMNTS$zMicroform.$jMFM.M72801 [1898]
=852  41$31899$aBritish Library$bHMNTS$zMicroform.$jMFM.M72802 [1899]
=852  41$31900$aBritish Library$bHMNTS$zMicroform.$jMFM.M72803 [1900]
=852  41$31901$aBritish Library$bHMNTS$zMicroform.$jMFM.M72804 [1901]
=852  41$31902$aBritish Library$bHMNTS$zMicroform.$jMFM.M72805 [1902]
=852  41$31903$aBritish Library$bHMNTS$zMicroform.$jMFM.M72806 [1903]
=852  41$31904$aBritish Library$bHMNTS$zMicroform.$jMFM.M72807 [1904]
=852  41$31905$aBritish Library$bHMNTS$zMicroform.$jMFM.M72808 [1905]
=852  41$31906$aBritish Library$bHMNTS$zMicroform.$jMFM.M72809 [1906]
=852  41$31907$aBritish Library$bHMNTS$zMicroform.$jMFM.M72810 [1907]
=852  41$31908$aBritish Library$bHMNTS$zMicroform.$jMFM.M72811 [1908]
=852  41$31909$aBritish Library$bHMNTS$zMicroform.$jMFM.M72812 [1909]
=852  41$31910$aBritish Library$bHMNTS$zMicroform.$jMFM.M72813 [1910]
=852  41$31911$aBritish Library$bHMNTS$zMicroform.$jMFM.M72814 [1911]
=852  41$31912$aBritish Library$bHMNTS$zMicroform.$jMFM.M72815 [1912]
=852  41$31913$aBritish Library$bHMNTS$zMicroform.$jMFM.M72816 [1913]
=852  41$31914$aBritish Library$bHMNTS$zMicroform.$jMFM.M72817 [1914]
=852  41$31915$aBritish Library$bHMNTS$zMicroform.$jMFM.M72818 [1915]
=852  41$31916$aBritish Library$bHMNTS$zMicroform.$jMFM.M72819 [1916]
=852  41$31917$aBritish Library$bHMNTS$zMicroform.$jMFM.M72820 [1917]
=852  41$31918$aBritish Library$bHMNTS$zMicroform.$jMFM.M72821 [1918]
=852  41$31919$aBritish Library$bHMNTS$zMicroform.$jMFM.M72822 [1919]
=852  41$31920$aBritish Library$bHMNTS$zMicroform.$jMFM.M72823 [1920]
=852  41$31921$aBritish Library$bHMNTS$zMicroform.$jMFM.M72824 [1921]
=852  41$31922$aBritish Library$bHMNTS$zMicroform.$jMFM.M72825 [1922]
=852  41$31877-1916$aBritish Library$bNPL$jNEWS8366
=852  41$31888$aBritish Library$bHMNTS$zMicroform.$jMFM.M4383 [1888]
=852  41$31889$aBritish Library$bHMNTS$zMicroform.$jMFM.M31742 [1889]
=852  41$31892$aBritish Library$bHMNTS$zMicroform.$jMFM.M27950 [1892]
=852  41$31893$aBritish Library$bHMNTS$zMicroform.$jMFM.M4241 [1893]
=852  41$31894$aBritish Library$bHMNTS$zMicroform.$jMFM.M27951 [1894]
=852  41$31910$aBritish Library$bHMNTS$zMicroform.$jMFM.M950 [1910]
=852  41$31889-1904$aBritish Library$bNPL$jNEWS11465
=852  41$31891$aBritish Library$bHMNTS$zMicroform.$jMFM.M29411 [1891]
=852  41$31891$aBritish Library$bNPL$cLON$jLD40
=852  41$31887$aBritish Library$bHMNTS$zMicroform.$jMFM.M80769 [1887]
=852  41$31888$aBritish Library$bHMNTS$zMicroform.$jMFM.M80769 [1888]
=852  41$31891$aBritish Library$bHMNTS$zMicroform.$jMFM.M80770 [1891]
=852  41$31891$aBritish Library$bHMNTS$zMicroform.$jMFM.M80770 [1891]
=852  41$31893$aBritish Library$bHMNTS$zMicroform.$jMFM.M80771 [1893]
=852  41$31894$aBritish Library$bHMNTS$zMicroform.$jMFM.M80771 [1894]
=852  41$31896$aBritish Library$bHMNTS$zMicroform.$jMFM.M80772 [1896]
=852  41$31897$aBritish Library$bHMNTS$zMicroform.$jMFM.M80772 [1897]
=852  41$31899$aBritish Library$bHMNTS$zMicroform.$jMFM.M37882 [1899]
=852  41$31900$aBritish Library$bHMNTS$zMicroform.$jMFM.M37882 [1900]
=852  41$31902$aBritish Library$bHMNTS$zMicroform.$jMFM.M80773 [1902]
=852  41$31903$aBritish Library$bHMNTS$zMicroform.$jMFM.M80773 [1903]
=852  \\$aBritish Library$bNPL$cEW
=852  \\$aBritish Library$bNPL$cEW
=852  41$31885$aBritish Library$bHMNTS$z1 Aug-26 Dec 1885$zMicroform.$jMFM.M83940 [1885]
=852  41$31885-1903$aBritish Library$bNPL$jNEWS11452
=852  41$31886$aBritish Library$bHMNTS$zMicroform.$jMFM.M80769 [1886]
=852  41$31889$aBritish Library$bHMNTS$zMicroform.$jMFM.M80770 [1889]
=852  41$31892$aBritish Library$bHMNTS$zMicroform.$jMFM.M80771 [1892]
=852  41$31895$aBritish Library$bHMNTS$zMicroform.$jMFM.M80772 [1895]
=852  41$31901$aBritish Library$bHMNTS$zMicroform.$jMFM.M80773 [1901]
=852  41$31896$aBritish Library$bHMNTS$zMicroform.$jMFM.M37400 [1896]
=852  41$31898$aBritish Library$bHMNTS$zMicroform.$jMFM.M37882 [1898]
=852  41$31918-1963$aBritish Library$bNPL$jNEWS11179
=852  41$31889-1918$aBritish Library$bNPL$jNEWS11178
=852  41$31896$aBritish Library$bHMNTS$zMicroform.$jMFM.M39146 [1896]
=866  \0$aNewspapers :no.1-1525 (21 Sept.1889 - 8 Nov.1918)
=883  0\$aLanguage codes assigned by Bayesian analysis of words present in record$d20200826$qUk$c0.9919
=985  \\$aDisaggregated Record: NPL
=985  \\$aUpgraded by BSS-generated file for WR2009-0365
=CAT  \\$aBATCH-NPL$b00$c20070912$lBLL01$h1141
=CAT  \\$aBATCH-LINK$b00$c20070915$lBLL01$h0513
=CAT  \\$aBATCH-LINK$b00$c20070915$lBLL01$h0522
=CAT  \\$aBATCH$b00$c20070916$lBLL01$h1806
=CAT  \\$aB-BSS-DEL$b00$c20080331$lBLL01$h1544
=CAT  \\$aNPL-008-N$c20110504$lBLL01$h2219
=CAT  \\$aADD-NID$b00$c20110805$lBLL01$h1428
=CAT  \\$aWR11_021$c20111124$lBLL01$h1526
=CAT  \\$aWR11_021$c20111124$lBLL01$h1533
=CAT  \\$aNPL-LOCK$b77$c20140207$lBLL01$h2203
=CAT  \\$c20140214$lBLL01$h1743
=CAT  \\$aNSB-MIG$b50$c20140215$lBLL01$h0201
=CAT  \\$aNSB-MIG$b50$c20140215$lBLL01$h0202
=CAT  \\$aRESET-LEV$b50$c20140302$lBLL01$h2352
=CAT  \\$aW2009-0365$b00$c20201017$lBLL01$h0932
=CAT  \\$aRESET-LEV$b50$c20201017$lBLL01$h1750
=FIN  \\$aY
=FMT  \\$a  SE
=LAS  \\$aRESET-LEV$b50$c20201017$lBLL01$h1750
=LEO  \\$aMP35.0000118485
=LKR  \\$aPAR$lBLL01$r78500$nHampstead & Highgate Record & Chronicle - no.1526, etc (15 Nov.1918 - 4 Jan.1963)$b013910092$mThe Hampstead Record : - no.1-1525 (21 Sept.1889 - 8 Nov.1918)
=NID  \\$aNID0017649
=SRC  \\$aNPLv17$bbibmp35.20070831.aa
=TCO  \\$aZZZ$c008

