=LDR  08135 as a2201501u  4500
=001  013910154
=003  Uk
=005  20201017093229.0
=008  950421d19201925||||||n|||\\\\0\\\||eng\\
=019  n\$aNLC0018854
=040  \\$aUk$cUk
=082  04$a072.142$222
=245  04$aThe St. Pancras Record and West London News.
=336  \\$atext$2rdacontent
=337  \\$aunmediated$2rdamedia
=338  \\$avolume$2rdacarrier
=500  \\$aIncorporated with "Marylebone Record".
=651  \0$aCamden (London, England)$vNewspapers.
=752  \\$aEngland$dLondon$fCamden.$2blnpn
=852  41$31904-1941$aBritish Library$bNPL$jNEWS7628
=852  41$31924$aBritish Library$bHMNTS$zMicroform.$jMFM.M87803 [1924]
=852  41$31925$aBritish Library$bHMNTS$zMicroform.$jMFM.M87804 [1925]
=852  41$31926$aBritish Library$bHMNTS$zMicroform.$jMFM.M87805 [1926]
=852  41$31927$aBritish Library$bHMNTS$zMicroform.$jMFM.M87806 [1927]
=852  41$31928$aBritish Library$bHMNTS$zMicroform.$jMFM.M87807 [1928]
=852  41$31929$aBritish Library$bHMNTS$zMicroform.$jMFM.M87808 [1929]
=852  41$31930$aBritish Library$bHMNTS$zMicroform.$jMFM.M87809 [1930]
=852  41$31931$aBritish Library$bHMNTS$zMicroform.$jMFM.M87810 [1931]
=852  41$31932$aBritish Library$bHMNTS$zMicroform.$jMFM.M87811 [1932]
=852  41$31933$aBritish Library$bHMNTS$zMicroform.$jMFM.M87812 [1933]
=852  41$31934$aBritish Library$bHMNTS$zMicroform.$jMFM.M87813 [1934]
=852  41$31935$aBritish Library$bHMNTS$zMicroform.$jMFM.M87814 [1935]
=852  41$31936$aBritish Library$bHMNTS$zMicroform.$jMFM.M87815 [1936]
=852  41$31937$aBritish Library$bHMNTS$zMicroform.$jMFM.M87816 [1937]
=852  41$31938$aBritish Library$bHMNTS$zMicroform.$jMFM.M87817 [1938]
=852  41$31939$aBritish Library$bHMNTS$zMicroform.$jMFM.M87818 [1939]
=852  41$31940$aBritish Library$bHMNTS$zMicroform.$jMFM.M87819 [1940]
=852  41$31941$aBritish Library$bHMNTS$zMicroform.$jMFM.M87819 [1941]
=852  41$31905$aBritish Library$bHMNTS$zMicroform.$jMFM.M87786 [1905]
=852  41$31906$aBritish Library$bHMNTS$zMicroform.$jMFM.M87787 [1906]
=852  41$31907$aBritish Library$bHMNTS$zMicroform.$jMFM.M87788 [1907]
=852  41$31908$aBritish Library$bHMNTS$zMicroform.$jMFM.M87789 [1908]
=852  41$31909$aBritish Library$bHMNTS$zMicroform.$jMFM.M87790 [1909]
=852  41$31910$aBritish Library$bHMNTS$zMicroform.$jMFM.M87791 [1910]
=852  41$31911$aBritish Library$bHMNTS$zMicroform.$jMFM.M87792 [1911]
=852  41$31912$aBritish Library$bHMNTS$zMicroform.$jMFM.M87793 [1912]
=852  41$31913$aBritish Library$bHMNTS$zMicroform.$jMFM.M87794 [1913]
=852  41$31914$aBritish Library$bHMNTS$zMicroform.$jMFM.M87795 [1914]
=852  41$31915$aBritish Library$bHMNTS$zMicroform.$jMFM.M87796 [1915]
=852  41$31917$aBritish Library$bHMNTS$zMicroform.$jMFM.M87797 [1917]
=852  41$31918$aBritish Library$bHMNTS$zMicroform.$jMFM.M87798 [1918]
=852  41$31919$aBritish Library$bHMNTS$zMicroform.$jMFM.M87798 [1919]
=852  41$31920$aBritish Library$bHMNTS$zMicroform.$jMFM.M87799 [1920]
=852  41$31921$aBritish Library$bHMNTS$zMicroform.$jMFM.M87800 [1921]
=852  41$31922$aBritish Library$bHMNTS$zMicroform.$jMFM.M87801 [1922]
=852  41$31923$aBritish Library$bHMNTS$zMicroform.$jMFM.M87802 [1923]
=852  \\$aBritish Library$bNPL$cLON
=852  41$31882-1929$aBritish Library$bNPL$jNEWS7572
=852  41$31883$aBritish Library$bHMNTS$zMicroform.$jMFM.M31446 [1883]
=852  41$31914-1940$aBritish Library$bNPL$jNEWS7441
=852  41$31891-1931$aBritish Library$bNPL$jNEWS3675
=852  41$31892$aBritish Library$bNPL$cLON$jLD165
=852  41$31894$aBritish Library$bHMNTS$zMicroform.$jMFM.M10482 [1894]
=852  41$31891$aBritish Library$bHMNTS$z19 Sep-Dec 1891$zMicroform.$jMFM.M86930 [1891]
=852  41$31892$aBritish Library$bHMNTS$zMicroform.$jMFM.M86930 [1892]
=852  41$31893$aBritish Library$bHMNTS$zMicroform.$jMFM.M86931 [1893]
=852  41$31895$aBritish Library$bHMNTS$zMicroform.$jMFM.M86932 [1895]
=852  41$31896$aBritish Library$bHMNTS$zMicroform.$jMFM.M86933 [1896]
=852  41$31897$aBritish Library$bHMNTS$z1 Jan-24 Dec 1897$zMicroform.$jMFM.M86934 [1897]
=852  41$31898$aBritish Library$bHMNTS$zMicroform.$jMFM.M86935 [1898]
=852  41$31899$aBritish Library$bHMNTS$zMicroform.$jMFM.M86936 [1899]
=852  41$31901$aBritish Library$bHMNTS$zMicroform.$jMFM.M86938 [1901]
=852  41$31902$aBritish Library$bHMNTS$zMicroform.$jMFM.M86939 [1902]
=852  41$31903$aBritish Library$bHMNTS$zMicroform.$jMFM.M86940 [1903]
=852  41$31904$aBritish Library$bHMNTS$zMicroform.$jMFM.M86941 [1904]
=852  41$31905$aBritish Library$bHMNTS$zMicroform.$jMFM.M86942 [1905]
=852  41$31906$aBritish Library$bHMNTS$zMicroform.$jMFM.M86943 [1906]
=852  41$31907$aBritish Library$bHMNTS$zMicroform.$jMFM.M86944 [1907]
=852  41$31908$aBritish Library$bHMNTS$zMicroform.$jMFM.M86945 [1908]
=852  41$31909$aBritish Library$bHMNTS$zMicroform.$jMFM.M86946 [1909]
=852  41$31910$aBritish Library$bHMNTS$z7 Jan-23 Dec 1910$zMicroform.$jMFM.M86947 [1910]
=852  41$31911$aBritish Library$bHMNTS$zMicroform.$jMFM.M86948 [1911]
=852  41$31912$aBritish Library$bHMNTS$zMicroform.$jMFM.M86949 [1912]
=852  41$31913$aBritish Library$bHMNTS$zMicroform.$jMFM.M86950 [1913]
=852  41$31914$aBritish Library$bHMNTS$zMicroform.$jMFM.M86951 [1914]
=852  41$31915$aBritish Library$bHMNTS$zMicroform.$jMFM.M86952 [1915]
=852  41$31916$aBritish Library$bHMNTS$zMicroform.$jMFM.M86953 [1916]
=852  41$31917$aBritish Library$bHMNTS$zMicroform.$jMFM.M86953 [1917]
=852  41$31918$aBritish Library$bHMNTS$zMicroform.$jMFM.M86954 [1918]
=852  41$31919$aBritish Library$bHMNTS$zMicroform.$jMFM.M86954 [1919]
=852  41$31920$aBritish Library$bHMNTS$zMicroform.$jMFM.M86955 [1920]
=852  41$31921$aBritish Library$bHMNTS$zMicroform.$jMFM.M86955 [1921]
=852  41$31922$aBritish Library$bHMNTS$zMicroform.$jMFM.M86956 [1922]
=852  41$31923$aBritish Library$bHMNTS$zMicroform.$jMFM.M86956 [1923]
=852  41$31924$aBritish Library$bHMNTS$z4 Jan-Dec 1924$zMicroform.$jMFM.M86957 [1924]
=852  41$31925$aBritish Library$bHMNTS$zJan-25 Dec 1925$zMicroform.$jMFM.M86957 [1925]
=852  41$31926$aBritish Library$bHMNTS$zMicroform.$jMFM.M86958 [1926]
=852  41$31927$aBritish Library$bHMNTS$zMicroform.$jMFM.M86958 [1927]
=852  41$31928$aBritish Library$bHMNTS$zMicroform.$jMFM.M86959 [1928]
=852  41$31929$aBritish Library$bHMNTS$zMicroform.$jMFM.M86959 [1929]
=852  41$31930$aBritish Library$bHMNTS$zMicroform.$jMFM.M86960 [1930]
=852  41$31931$aBritish Library$bHMNTS$zJan-29 Apr 1931$zMicroform.$jMFM.M86960 [1931]
=852  41$31914-1940$aBritish Library$bNPL$jNEWS7441
=852  41$31882-1929$aBritish Library$bNPL$jNEWS7572
=852  41$31883$aBritish Library$bHMNTS$zMicroform.$jMFM.M31446 [1883]
=866  \0$aNewspapers :no.78-356 (21 Aug.1920 - 26 Dec.1925)
=883  0\$aLanguage codes assigned by Bayesian analysis of words present in record$d20200826$qUk$c0.9919
=985  \\$aUpgraded by BSS-generated file for WR2009-0365
=CAT  \\$aBATCH-NPL$b00$c20070912$lBLL01$h1141
=CAT  \\$aBATCH$b00$c20070916$lBLL01$h1806
=CAT  \\$aB-BSS-DEL$b00$c20080331$lBLL01$h1544
=CAT  \\$aNPL-008-N$c20110504$lBLL01$h2219
=CAT  \\$aADD-NID$b00$c20110805$lBLL01$h1428
=CAT  \\$aWR11_021$c20111124$lBLL01$h1526
=CAT  \\$aWR11_021$c20111124$lBLL01$h1533
=CAT  \\$aNPL-LOCK$b77$c20140207$lBLL01$h2203
=CAT  \\$c20140214$lBLL01$h1743
=CAT  \\$aNSB-MIG$b50$c20140215$lBLL01$h0202
=CAT  \\$aRESET-LEV$b50$c20140302$lBLL01$h2352
=CAT  \\$aW2009-0365$b00$c20201017$lBLL01$h0932
=CAT  \\$aRESET-LEV$b50$c20201017$lBLL01$h1750
=FIN  \\$aY
=FMT  \\$a  SE
=LAS  \\$aRESET-LEV$b50$c20201017$lBLL01$h1750
=LEO  \\$aMP35.0000118535
=NID  \\$aNID0017699
=SRC  \\$aNPLv17$bbibmp35.20070831.aa
=TCO  \\$aZZZ$c008

