=LDR  02226 as a2200577u  4500
=001  013910235
=003  Uk
=005  20201017093229.0
=008  950421d18921897||||||n|||\\\\0\\\||eng\\
=019  n\$aNLC0018913
=040  \\$aUk$cUk
=082  04$a072.186$222
=245  04$aThe Harrow & Wealdstone Press.
=336  \\$atext$2rdacontent
=337  \\$aunmediated$2rdamedia
=338  \\$avolume$2rdacarrier
=651  \0$aHarrow (London, England)$vNewspapers.
=752  \\$aEngland$dLondon$fHarrow.$2blnpn
=780  00$tHarrow Press and Wealdstone, Harrow Weald and Watford Times$gvol.2.no.57 (28 Oct.1892)$w013910234
=852  \\$aBritish Library$bNPL$cEW
=852  \\$aBritish Library$bNPL$cEW
=852  41$aBritish Library$bNPL$jNEWS shelfmarks - see explore.bl.uk for full holdings
=852  41$aBritish Library$bHMNTS$zMicroform.$jMFM shelfmarks - see explore.bl.uk for full holdings
=866  \0$aNewspapers :vol.2.no.59, etc (4 Nov.1892 - 16 July 1897)
=883  0\$aLanguage codes assigned by Bayesian analysis of words present in record$d20200826$qUk$c0.9919
=985  \\$aDisaggregated Record: NPL
=985  \\$aUpgraded by BSS-generated file for WR2009-0365
=CAT  \\$aBATCH-NPL$b00$c20070912$lBLL01$h1141
=CAT  \\$aBATCH-LINK$b00$c20070915$lBLL01$h0507
=CAT  \\$aBATCH$b00$c20070916$lBLL01$h1806
=CAT  \\$aB-BSS-DEL$b00$c20080331$lBLL01$h1544
=CAT  \\$aNPL-008-N$c20110504$lBLL01$h2219
=CAT  \\$aADD-NID$b00$c20110805$lBLL01$h1428
=CAT  \\$aWR11_021$c20111124$lBLL01$h1526
=CAT  \\$aWR11_021$c20111124$lBLL01$h1533
=CAT  \\$aNPL-LOCK$b77$c20140207$lBLL01$h2203
=CAT  \\$c20140214$lBLL01$h1743
=CAT  \\$aNSB-MIG$b50$c20140215$lBLL01$h0154
=CAT  \\$aNSB-MIG$b50$c20140215$lBLL01$h0155
=CAT  \\$aNSB-MIG$b50$c20140215$lBLL01$h0201
=CAT  \\$aRESET-LEV$b50$c20140302$lBLL01$h2352
=CAT  \\$c20141007$lBLL01$h1310
=CAT  \\$aW2009-0365$b00$c20201017$lBLL01$h0932
=CAT  \\$aRESET-LEV$b50$c20201017$lBLL01$h1750
=FIN  \\$aY
=FMT  \\$a  SE
=LAS  \\$aRESET-LEV$b50$c20201017$lBLL01$h1750
=LEO  \\$aMP35.0000118594.1
=NID  \\$aNID0017777
=SRC  \\$aNPLv17$bbibmp35.20070831.aa
=TCO  \\$aZZZ$c008

