=LDR  02176 as a2200553u  4500
=001  013910486
=003  Uk
=005  20201127181433.0
=008  950421d18601869||||||n|||\\\\0\\\||eng\\
=019  n\$aNLC0019119
=040  \\$aUk$cUk
=082  04$a072.144$222
=245  04$aThe Shoreditch Advertiser.
=336  \\$atext$2rdacontent
=337  \\$aunmediated$2rdamedia
=338  \\$avolume$2rdacarrier
=651  \0$aHackney (London, England)$vNewspapers.
=752  \\$aEngland$dLondon$fHackney.$2blnpn
=852  41$31863$aBritish Library$bNPL$jLD12$xBound with Sporting Life
=852  41$31863$aBritish Library$bNPL$jLD12$xBound with Sporting Life
=852  \\$aBritish Library$bNPL$cLON
=852  41$31893$aBritish Library$bNPL$cLON$jLD40$xBound with Sunday Times
=852  \\$aBritish Library$bNPL$cLON
=852  41$aBritish Library$bNPL$jNEWS shelfmarks - see explore.bl.uk for full holdings
=852  41$aBritish Library$bHMNTS$zMicroform.$jMFM shelfmarks - see explore.bl.uk for full holdings
=852  41$31893$aBritish Library$bNPL$cLON$jLD40$xBound with Sunday Times
=866  \0$aNewspapers :no.1-461 (15 Sept.1860 - 10 July 1869)
=883  0\$aLanguage codes assigned by Bayesian analysis of words present in record$d20201028$qUk$c0.9010
=985  \\$aUpgraded by BSS-generated file for WR2011-1472
=CAT  \\$aBATCH-NPL$b00$c20070912$lBLL01$h1141
=CAT  \\$aBATCH$b00$c20070916$lBLL01$h1807
=CAT  \\$aB-BSS-DEL$b00$c20080331$lBLL01$h1545
=CAT  \\$aNPL-008-N$c20110504$lBLL01$h2219
=CAT  \\$aADD-NID$b00$c20110805$lBLL01$h1428
=CAT  \\$aWR11_021$c20111124$lBLL01$h1526
=CAT  \\$aWR11_021$c20111124$lBLL01$h1533
=CAT  \\$aNPL-LOCK$b77$c20140207$lBLL01$h2203
=CAT  \\$c20140214$lBLL01$h1743
=CAT  \\$aNSB-MIG$b50$c20140215$lBLL01$h0200
=CAT  \\$aRESET-LEV$b50$c20140302$lBLL01$h2352
=CAT  \\$aW2011-1472$b00$c20201127$lBLL01$h1814
=CAT  \\$aRESET-LEV$b50$c20201127$lBLL01$h2242
=FIN  \\$aY
=FMT  \\$a  SE
=LAS  \\$aRESET-LEV$b50$c20201127$lBLL01$h2242
=LEO  \\$aMP35.0000118797
=NID  \\$aNID0018005
=SRC  \\$aNPLv17$bbibmp35.20070831.aa
=TCO  \\$aZZZ$c008

