=LDR  02393 as a2200577u  4500
=001  013910581
=003  Uk
=005  20201127181433.0
=008  950421d18871896||||||n|||\\\\0\\\||eng\\
=019  n\$aNLC0019189
=040  \\$aUk$cUk
=082  04$a072.133$222
=245  04$aThe West London Advertiser.
=336  \\$atext$2rdacontent
=337  \\$aunmediated$2rdamedia
=338  \\$avolume$2rdacarrier
=500  \\$aMicrofilm: 1891.
=651  \0$aHammersmith and Fulham (London, England)$vNewspapers.
=752  \\$aEngland$dLondon$fHammersmith.$2blnpn
=785  00$tWest London Advertiser and West London News$gno.1289-1833 (21 Feb.1896 - 23 March 1906)$w013910582
=852  \\$aBritish Library$bNPL$cEW
=852  41$aBritish Library$bNPL$jNEWS shelfmarks - see explore.bl.uk for full holdings
=852  41$aBritish Library$bHMNTS$zMicroform.$jMFM shelfmarks - see explore.bl.uk for full holdings
=866  \0$aNewspapers :no.1009-1288 (22 Jan.1887 - 14 Feb.1896)
=883  0\$aLanguage codes assigned by Bayesian analysis of words present in record$d20201028$qUk$c0.9010
=985  \\$aDisaggregated Record: NPL
=985  \\$aUpgraded by BSS-generated file for WR2011-1472
=CAT  \\$aBATCH-NPL$b00$c20070912$lBLL01$h1141
=CAT  \\$aBATCH-LINK$b00$c20070915$lBLL01$h0513
=CAT  \\$aBATCH-LINK$b00$c20070915$lBLL01$h0522
=CAT  \\$aBATCH$b00$c20070916$lBLL01$h1807
=CAT  \\$aB-BSS-DEL$b00$c20080331$lBLL01$h1545
=CAT  \\$a3557$b40$c20100209$lBLL01$h1011
=CAT  \\$aNPL-008-N$c20110504$lBLL01$h2219
=CAT  \\$aADD-NID$b00$c20110805$lBLL01$h1428
=CAT  \\$aWR11_021$c20111124$lBLL01$h1526
=CAT  \\$aWR11_021$c20111124$lBLL01$h1533
=CAT  \\$aNPL-LOCK$b77$c20140207$lBLL01$h2203
=CAT  \\$c20140214$lBLL01$h1743
=CAT  \\$aNSB-MIG$b50$c20140215$lBLL01$h0201
=CAT  \\$aRESET-LEV$b50$c20140302$lBLL01$h2353
=CAT  \\$aW2011-1472$b00$c20201127$lBLL01$h1814
=CAT  \\$aRESET-LEV$b50$c20201127$lBLL01$h2242
=FIN  \\$aY
=FMT  \\$a  SE
=LAS  \\$aRESET-LEV$b50$c20201127$lBLL01$h2242
=LEO  \\$aMP35.0000118864
=LKR  \\$aPAR$lBLL01$r78500$nWest London Advertiser and West London News - no.1289-1833 (21 Feb.1896 - 23 March 1906)$b013910582$mThe West London Advertiser. - no.1009-1288 (22 Jan.1887 - 1896)
=NID  \\$aNID0018084
=SRC  \\$aNPLv17$bbibmp35.20070831.aa
=TCO  \\$aZZZ$c008

