=LDR  05918 as a2201153u  4500
=001  013910584
=003  Uk
=005  20201017093231.0
=008  950421d19331934||||||n|||\\\\0\\\||eng\\
=019  n\$aNLC0019191
=040  \\$aUk$cUk
=082  04$a072.133$222
=245  00$aWest London and Putney Gazette.
=336  \\$atext$2rdacontent
=337  \\$aunmediated$2rdamedia
=338  \\$avolume$2rdacarrier
=500  \\$aDiscontinued.
=651  \0$aHammersmith and Fulham (London, England)$vNewspapers.
=752  \\$aEngland$dLondon$fHammersmith.$2blnpn
=852  41$31933$aBritish Library$bNPL$jNEWS11313
=852  41$31872$aBritish Library$bHMNTS$z23 Nov$zMicroform.$jMFM.M3967 [1872]
=852  41$31877$aBritish Library$bHMNTS$zMicroform.$jMFM.M37307 [1877]
=852  41$31878$aBritish Library$bHMNTS$zMicroform.$jMFM.M37307 [1878]
=852  41$31881$aBritish Library$bHMNTS$zMicroform.$jMFM.M72491 [1881]
=852  41$31883$aBritish Library$bHMNTS$zMicroform.$jMFM.M72492 [1883]
=852  41$31884$aBritish Library$bHMNTS$zMicroform.$jMFM.M72492 [1884]
=852  41$31886$aBritish Library$bHMNTS$zMicroform.$jMFM.M72493 [1886]
=852  41$31880$aBritish Library$bHMNTS$zMicroform.$jMFM.M72491 [1880]
=852  41$31941$aBritish Library$bHMNTS$zMicroform.$jMFM.M72524 [1941]
=852  41$31943$aBritish Library$bHMNTS$zMicroform.$jMFM.M72525 [1943]
=852  41$31945$aBritish Library$bHMNTS$zMicroform.$jMFM.M72526 [1945]
=852  \\$aBritish Library$bNPL$cLON
=852  41$31918$aBritish Library$bHMNTS$zMicroform.$jMFM.M72502 [1918]
=852  41$31919$aBritish Library$bHMNTS$zMicroform.$jMFM.M72503 [1919]
=852  41$31920$aBritish Library$bHMNTS$zMicroform.$jMFM.M72504 [1920]
=852  41$31921$aBritish Library$bHMNTS$zMicroform.$jMFM.M72505 [1921]
=852  41$31922$aBritish Library$bHMNTS$zMicroform.$jMFM.M72506 [1922]
=852  41$31923$aBritish Library$bHMNTS$zMicroform.$jMFM.M72507 [1923]
=852  41$31924$aBritish Library$bHMNTS$zMicroform.$jMFM.M72508 [1924]
=852  41$31925$aBritish Library$bHMNTS$zMicroform.$jMFM.M72509 [1925]
=852  41$31926$aBritish Library$bHMNTS$zMicroform.$jMFM.M72510 [1926]
=852  41$31927$aBritish Library$bHMNTS$zMicroform.$jMFM.M72511 [1927]
=852  41$31928$aBritish Library$bHMNTS$zMicroform.$jMFM.M72512 [1928]
=852  41$31929$aBritish Library$bHMNTS$zMicroform.$jMFM.M72513 [1929]
=852  41$31930$aBritish Library$bHMNTS$zMicroform.$jMFM.M72514 [1930]
=852  41$31912$aBritish Library$bHMNTS$zMicroform.$jMFM.M72496 [1912]
=852  41$31913$aBritish Library$bHMNTS$zMicroform.$jMFM.M72497 [1913]
=852  41$31914$aBritish Library$bHMNTS$zMicroform.$jMFM.M72498 [1914]
=852  41$31915$aBritish Library$bHMNTS$zMicroform.$jMFM.M72499 [1915]
=852  41$31916$aBritish Library$bHMNTS$zMicroform.$jMFM.M72500 [1916]
=852  41$31917$aBritish Library$bHMNTS$zMicroform.$jMFM.M72501 [1917]
=852  41$31869$aBritish Library$bHMNTS$z23 Jan - 13 Nov$zMicroform.$jMFM.M3967 [1869]
=852  41$31876$aBritish Library$bHMNTS$zMicroform.$jMFM.M37307 [1876]
=852  41$31879$aBritish Library$bHMNTS$zMicroform.$jMFM.M72491 [1879]
=852  41$31882$aBritish Library$bHMNTS$zMicroform.$jMFM.M72492 [1882]
=852  41$31885$aBritish Library$bHMNTS$zMicroform.$jMFM.M72493 [1885]
=852  41$31887$aBritish Library$bHMNTS$zMicroform.$jMFM.M72494 [1887]
=852  41$31888$aBritish Library$bHMNTS$zMicroform.$jMFM.M72495 [1888]
=852  41$31931$aBritish Library$bHMNTS$zMicroform.$jMFM.M72515 [1931]
=852  41$31932$aBritish Library$bHMNTS$zMicroform.$jMFM.M72516 [1932]
=852  41$31933$aBritish Library$bHMNTS$zMicroform.$jMFM.M72517 [1933]
=852  41$31934$aBritish Library$bHMNTS$zMicroform.$jMFM.M72518 [1934]
=852  41$31935$aBritish Library$bHMNTS$zMicroform.$jMFM.M72519 [1935]
=852  41$31936$aBritish Library$bHMNTS$zMicroform.$jMFM.M72520 [1936]
=852  41$31937$aBritish Library$bHMNTS$zMicroform.$jMFM.M72521 [1937]
=852  41$31938$aBritish Library$bHMNTS$zMicroform.$jMFM.M72522 [1938]
=852  41$31939$aBritish Library$bHMNTS$zMicroform.$jMFM.M72523 [1939]
=852  41$31940$aBritish Library$bHMNTS$zMicroform.$jMFM.M72524 [1940]
=852  41$31942$aBritish Library$bHMNTS$zMicroform.$jMFM.M72525 [1942]
=852  41$31944$aBritish Library$bHMNTS$zMicroform.$jMFM.M72526 [1944]
=852  41$31946$aBritish Library$bHMNTS$zMicroform.$jMFM.M72527 [1946]
=852  41$31947$aBritish Library$bHMNTS$zMicroform.$jMFM.M72528 [1947]
=852  41$31948$aBritish Library$bHMNTS$zMicroform.$jMFM.M72529 [1948]
=852  41$31949$aBritish Library$bHMNTS$zMicroform.$jMFM.M72530 [1949]
=852  41$31950$aBritish Library$bHMNTS$zMicroform.$jMFM.M72531 [1950]
=852  41$31869-1972$aBritish Library$bNPL$jNEWS7409
=866  \0$aNewspapers :no.1-3 (29 Dec.1933 - 12 Jan.1934)
=883  0\$aLanguage codes assigned by Bayesian analysis of words present in record$d20200826$qUk$c0.9919
=985  \\$aUpgraded by BSS-generated file for WR2009-0365
=CAT  \\$aBATCH-NPL$b00$c20070912$lBLL01$h1141
=CAT  \\$aBATCH$b00$c20070916$lBLL01$h1807
=CAT  \\$aB-BSS-DEL$b00$c20080331$lBLL01$h1545
=CAT  \\$aNPL-008-N$c20110504$lBLL01$h2219
=CAT  \\$aADD-NID$b00$c20110805$lBLL01$h1428
=CAT  \\$aWR11_021$c20111124$lBLL01$h1526
=CAT  \\$aWR11_021$c20111124$lBLL01$h1533
=CAT  \\$aNPL-LOCK$b77$c20140207$lBLL01$h2203
=CAT  \\$c20140214$lBLL01$h1743
=CAT  \\$aNSB-MIG$b50$c20140215$lBLL01$h0203
=CAT  \\$aRESET-LEV$b50$c20140302$lBLL01$h2353
=CAT  \\$aW2009-0365$b00$c20201017$lBLL01$h0932
=CAT  \\$aRESET-LEV$b50$c20201017$lBLL01$h1750
=FIN  \\$aY
=FMT  \\$a  SE
=LAS  \\$aRESET-LEV$b50$c20201017$lBLL01$h1750
=LEO  \\$aMP35.0000118866
=NID  \\$aNID0018087
=SRC  \\$aNPLv17$bbibmp35.20070831.aa
=TCO  \\$aZZZ$c008

