=LDR  03354 as a2200709u  4500
=001  013911337
=003  Uk
=005  20200417183544.0
=008  950421d18561860||||||p|||\\\\0\\\||eng\\
=019  n\$aNLC0020195
=040  \\$aUk$cUk
=130  4\$aThe Court Circular (London, England : 1856)
=245  04$aThe Court Circular :$bA journal of fashion, literature, science and art.
=260  \\$aLondon
=336  \\$atext$2rdacontent
=337  \\$aunmediated$2rdamedia
=338  \\$avolume$2rdacarrier
=785  00$tCourt Circular and Court News$gno.239-2989 (17 Nov.1860 - 8 July 1911)$w013911338
=852  41$31851$aBritish Library$bHMNTS$zMicroform.$jMFM.M77786 [1851]
=852  41$31852$aBritish Library$bHMNTS$zMicroform.$jMFM.M77786 [1852]
=852  41$31851-1868$aBritish Library$bNPL$jNEWS12559
=852  \\$aBritish Library$bNPL$cLON
=852  41$31853$aBritish Library$bHMNTS$zMicroform.$jMFM.M77787 [1853]
=852  41$31854$aBritish Library$bHMNTS$zMicroform.$jMFM.M77787 [1854]
=852  41$31855$aBritish Library$bHMNTS$zMicroform.$jMFM.M77787 [1855]
=852  41$31856$aBritish Library$bHMNTS$zMicroform.$jMFM.M77788 [1856]
=852  41$31857$aBritish Library$bHMNTS$zMicroform.$jMFM.M77788 [1857]
=852  41$31858$aBritish Library$bHMNTS$zMicroform.$jMFM.M77789 [1858]
=852  41$31859$aBritish Library$bHMNTS$zMicroform.$jMFM.M77789 [1859]
=852  41$31860$aBritish Library$bHMNTS$zMicroform.$jMFM.M77790 [1860]
=852  41$31861$aBritish Library$bHMNTS$zMicroform.$jMFM.M77790 [1861]
=852  41$31862$aBritish Library$bHMNTS$zMicroform.$jMFM.M77791 [1862]
=852  41$31863$aBritish Library$bHMNTS$zMicroform.$jMFM.M77791 [1863]
=852  41$31864$aBritish Library$bHMNTS$zJan - 28 Mar$zMicroform.$jMFM.M77792 [1864]
=852  41$31866$aBritish Library$bHMNTS$z19 Feb - Dec$zMicroform.$jMFM.M77792 [1866]
=852  41$31867$aBritish Library$bHMNTS$zMicroform.$jMFM.M77792 [1867]
=852  41$31868$aBritish Library$bHMNTS$zMicroform.$jMFM.M77792 [1868]
=852  41$31857$aBritish Library$bHMNTS$jLOU.LON 68 [1857]
=852  41$31858$aBritish Library$bHMNTS$jLOU.LON 54 [1858]
=852  41$31859$aBritish Library$bHMNTS$jLOU.LON 19 [1859]
=852  41$31860$aBritish Library$bHMNTS$jLOU.LON 98 [1860]
=866  \0$ano.1 -238 (26 April 1856 - 10 Nov.1860)
=985  \\$aUpgraded by BSS-generated file for WR1910-0531
=CAT  \\$aBATCH-NPL$b00$c20070912$lBLL01$h1141
=CAT  \\$aBATCH-LINK$b00$c20070915$lBLL01$h0513
=CAT  \\$aBATCH-LINK$b00$c20070915$lBLL01$h0522
=CAT  \\$aBATCH$b00$c20070916$lBLL01$h1808
=CAT  \\$aB-BSS-DEL$b00$c20080331$lBLL01$h1545
=CAT  \\$aNPL-008-P$c20110504$lBLL01$h2105
=CAT  \\$aBATCH-UPD$b00$c20110714$lBLL01$h1620
=CAT  \\$aNPL-LOCK$b77$c20140207$lBLL01$h2204
=CAT  \\$c20140214$lBLL01$h1748
=CAT  \\$aNSB-MIG$b50$c20140215$lBLL01$h0200
=CAT  \\$aW1910-0531$b00$c20200417$lBLL01$h1835
=CAT  \\$aRESET-LEV$b50$c20200417$lBLL01$h2240
=FIN  \\$aY
=FMT  \\$a  SE
=LAS  \\$aRESET-LEV$b50$c20200417$lBLL01$h2240
=LEO  \\$aMP35.0000119860
=LKR  \\$aPAR$lBLL01$r78500$nCourt Circular and Court News - no.239-2989 (17 Nov.1860 - 8 July 1911)$b013911338$mThe Court Circular : - no.1 -238 (26 April 1856 - 10 Nov.1860)
=SRC  \\$aNPLv17$bbibmp35.20070831.aa
=TCO  \\$aZZZ$c008

