=LDR  03032 as a2200721u  4500
=001  013911594
=003  Uk
=005  20201127181439.0
=008  950421d18901952||||||p|||\\\\0\\\||eng\\
=019  n\$aNLC0020586
=040  \\$aUk$cUk
=130  0\$aIllustrated Chips (London, England : 1890)
=245  00$aIllustrated Chips.
=260  \\$aLondon
=336  \\$atext$2rdacontent
=337  \\$aunmediated$2rdamedia
=338  \\$avolume$2rdacarrier
=785  00$tChips$gno.2948-2997 (6 Sept.1952 - 12 Sept.1953)$w013911595
=852  41$31951$aBritish Library$bNPL$jPENN.NT140
=852  41$31952$aBritish Library$bNPL$jPENN.NT160
=852  41$31914-1966$aBritish Library$bNPL$jNEWS5923
=852  41$31890$aBritish Library$bHMNTS$jPENP.NT151
=852  41$31891$aBritish Library$bHMNTS$jPENP.NT160
=852  41$31893$aBritish Library$bHMNTS$jPENP.NT153
=852  41$31894$aBritish Library$bHMNTS$jPENP.NT127
=852  41$31896$aBritish Library$bHMNTS$jPENP.NT141
=852  41$31922$aBritish Library$bHMNTS$jPENP.NT134
=852  41$31924$aBritish Library$bHMNTS$jPENP.NT156
=852  41$31892$aBritish Library$bHMNTS$jPENP.NT160
=852  41$31897-1921$aBritish Library$bHMNTS$jPENP.NT160
=852  41$31923$aBritish Library$bHMNTS$jPENP.NT160
=852  41$31925-1931$aBritish Library$bHMNTS$jPENP.NT160
=852  41$31934-1943$aBritish Library$bHMNTS$jPENP.NT160
=852  41$31951-1952$aBritish Library$bHMNTS$jPENP.NT160
=852  41$31895$aBritish Library$bHMNTS$jPENP.NT153
=852  41$31932-1933$aBritish Library$bHMNTS$jPENP.NT153
=852  41$31944-1950$aBritish Library$bHMNTS$jPENP.NT141
=852  41$31890$aBritish Library$bHMNTS$zMicroform.$jMFM.M77819 [1890]
=852  41$31892$aBritish Library$bHMNTS$zMicroform.$jMFM.M77819 [1892]
=852  \\$aBritish Library$bHMNTS$cLON
=866  \0$ano.1-2947 (26 July 1890 - 23 Aug.1952)
=883  0\$aLanguage codes assigned by Bayesian analysis of words present in record$d20201028$qUk$c0.9010
=985  \\$aDisaggregated Record: NPL
=985  \\$aUpgraded by BSS-generated file for WR2011-1472
=CAT  \\$aBATCH-NPL$b00$c20070912$lBLL01$h1142
=CAT  \\$aBATCH-LINK$b00$c20070915$lBLL01$h0514
=CAT  \\$aBATCH-LINK$b00$c20070915$lBLL01$h0523
=CAT  \\$aBATCH$b00$c20070916$lBLL01$h1808
=CAT  \\$aB-BSS-DEL$b00$c20080331$lBLL01$h1545
=CAT  \\$aNPL-008-P$c20110504$lBLL01$h2105
=CAT  \\$aBATCH-UPD$b00$c20110714$lBLL01$h1620
=CAT  \\$aNPL-LOCK$b77$c20140207$lBLL01$h2204
=CAT  \\$c20140214$lBLL01$h1748
=CAT  \\$aNSB-MIG$b50$c20140215$lBLL01$h0205
=CAT  \\$aW2011-1472$b00$c20201127$lBLL01$h1814
=CAT  \\$aRESET-LEV$b50$c20201127$lBLL01$h2242
=FIN  \\$aY
=FMT  \\$a  SE
=LAS  \\$aRESET-LEV$b50$c20201127$lBLL01$h2242
=LEO  \\$aMP35.0000120247
=LKR  \\$aPAR$lBLL01$r78500$nChips - no.2948-2997 (6 Sept.1952 - 12 Sept.1953)$b013911595$mIllustrated Chips. - no.1-2947 (26 July 1890 - 23 Aug.1952)
=SRC  \\$aNPLv17$bbibmp35.20070831.aa
=TCO  \\$aZZZ$c008

