=LDR  03308 as a2200721u  4500
=001  013915453
=003  Uk
=005  20200417183600.0
=008  950421d18581866||||||p|||\\\\0\\\||eng\\
=019  n\$aNLC0028451
=040  \\$aUk$cUk
=130  4\$aThe News (London, England : 1858)
=245  04$aThe News :$bBankers' journal, insurance, mining, railway & joint-stock companies' review, and guide to and guardian or commercial interests.
=260  \\$aLondon
=336  \\$atext$2rdacontent
=337  \\$aunmediated$2rdamedia
=338  \\$avolume$2rdacarrier
=500  \\$aDiscontinued.
=852  41$31851$aBritish Library$bHMNTS$zMicroform.$jMFM.M77786 [1851]
=852  41$31852$aBritish Library$bHMNTS$zMicroform.$jMFM.M77786 [1852]
=852  41$31851-1868$aBritish Library$bNPL$jNEWS12559
=852  \\$aBritish Library$bNPL$cLON
=852  41$31853$aBritish Library$bHMNTS$zMicroform.$jMFM.M77787 [1853]
=852  41$31854$aBritish Library$bHMNTS$zMicroform.$jMFM.M77787 [1854]
=852  41$31855$aBritish Library$bHMNTS$zMicroform.$jMFM.M77787 [1855]
=852  41$31856$aBritish Library$bHMNTS$zMicroform.$jMFM.M77788 [1856]
=852  41$31857$aBritish Library$bHMNTS$zMicroform.$jMFM.M77788 [1857]
=852  41$31858$aBritish Library$bHMNTS$zMicroform.$jMFM.M77789 [1858]
=852  41$31859$aBritish Library$bHMNTS$zMicroform.$jMFM.M77789 [1859]
=852  41$31860$aBritish Library$bHMNTS$zMicroform.$jMFM.M77790 [1860]
=852  41$31861$aBritish Library$bHMNTS$zMicroform.$jMFM.M77790 [1861]
=852  41$31862$aBritish Library$bHMNTS$zMicroform.$jMFM.M77791 [1862]
=852  41$31863$aBritish Library$bHMNTS$zMicroform.$jMFM.M77791 [1863]
=852  41$31864$aBritish Library$bHMNTS$zJan - 28 Mar$zMicroform.$jMFM.M77792 [1864]
=852  41$31866$aBritish Library$bHMNTS$z19 Feb - Dec$zMicroform.$jMFM.M77792 [1866]
=852  41$31867$aBritish Library$bHMNTS$zMicroform.$jMFM.M77792 [1867]
=852  41$31868$aBritish Library$bHMNTS$zMicroform.$jMFM.M77792 [1868]
=852  41$31858$aBritish Library$bHMNTS$jLOU.LON 13 [1858]
=852  41$31859$aBritish Library$bHMNTS$jLOU.LON 25 [1859]
=852  41$31860$aBritish Library$bHMNTS$jLOU.LON 64 [1860]
=852  41$31861$aBritish Library$bHMNTS$jLOU.LON 74 [1861]
=852  41$31862$aBritish Library$bHMNTS$jLOU.LON 69 [1862]
=852  41$31863$aBritish Library$bHMNTS$jLOU.LON 42 [1863]
=852  41$31864$aBritish Library$bHMNTS$jLOU.LON 90 [1864]
=852  41$31865$aBritish Library$bHMNTS$jLOU.LON 66 [1865]
=866  \0$ano.1-441 (3 April 1858 - 8 Sept.1866)
=985  \\$aUpgraded by BSS-generated file for WR1910-0531
=CAT  \\$aBATCH-NPL$b00$c20070912$lBLL01$h1144
=CAT  \\$aBATCH$b00$c20070916$lBLL01$h1812
=CAT  \\$aB-BSS-DEL$b00$c20080331$lBLL01$h1546
=CAT  \\$aNPL-008-P$c20110504$lBLL01$h2107
=CAT  \\$aBATCH-UPD$b00$c20110714$lBLL01$h1619
=CAT  \\$aNPL-LOCK$b77$c20140207$lBLL01$h2206
=CAT  \\$c20140214$lBLL01$h1749
=CAT  \\$aNSB-MIG$b50$c20140215$lBLL01$h0200
=CAT  \\$aW1910-0531$b00$c20200417$lBLL01$h1836
=CAT  \\$aRESET-LEV$b50$c20200417$lBLL01$h2241
=FIN  \\$aY
=FMT  \\$a  SE
=LAS  \\$aRESET-LEV$b50$c20200417$lBLL01$h2241
=LEO  \\$aMP35.0000128035
=SRC  \\$aNPLv17$bbibmp35.20070831.aa
=TCO  \\$aZZZ$c008

