=LDR  04613 as a2200949u  4500
=001  013915632
=003  Uk
=005  20201017093247.0
=008  950421d18511868||||||n|||\\\\0\\\||eng\\
=019  n\$aNLC0028644
=040  \\$aUk$cUk
=082  04$a072.1$222
=245  04$aThe Racing Times :$b(The Racing Times and Amateur Dramatic Chronicle).
=336  \\$atext$2rdacontent
=337  \\$aunmediated$2rdamedia
=338  \\$avolume$2rdacarrier
=651  \0$aLondon (England)$vNewspapers.
=752  \\$aEngland$dLondon.$2blnpn
=852  41$31844-1853$aBritish Library$bNPL$jNEWS13187
=852  41$31844-1853$aBritish Library$bNPL$jNEWS13187
=852  41$31853-1901$aBritish Library$bNPL$jNEWS16075
=852  41$31882$aBritish Library$bHMNTS$zMicroform.$jMFM.M36593 [1882]
=852  41$31883$aBritish Library$bHMNTS$zMicroform.$jMFM.M35808 [1883]
=852  41$31884$aBritish Library$bHMNTS$zMicroform.$jMFM.M36125 [1884]
=852  41$31885$aBritish Library$bHMNTS$zMicroform.$jMFM.M36594 [1885]
=852  41$31886$aBritish Library$bHMNTS$zMicroform.$jMFM.M35955 [1886]
=852  41$31889$aBritish Library$bHMNTS$zMicroform.$jMFM.M36934 [1889]
=852  41$31887$aBritish Library$bHMNTS$zMicroform.$jMFM.M36933 [1887]
=852  41$31888$aBritish Library$bHMNTS$zMicroform.$jMFM.M4904 [1888]
=852  41$31890$aBritish Library$bHMNTS$zMicroform.$jMFM.M4993 [1890]
=852  41$31892$aBritish Library$bHMNTS$zMicroform.$jMFM.M5335 [1892]
=852  41$31877$aBritish Library$bHMNTS$zMicroform.$jMFM.M33523 [1877]
=852  41$31878$aBritish Library$bHMNTS$zMicroform.$jMFM.M32169 [1878]
=852  41$31879$aBritish Library$bHMNTS$zMicroform.$jMFM.M34790 [1879]
=852  41$31880$aBritish Library$bHMNTS$zMicroform.$jMFM.M36053 [1880]
=852  41$31881$aBritish Library$bHMNTS$zMicroform.$jMFM.M37163 [1881]
=852  41$31857-1858$aBritish Library$bNPL$jNEWS11649
=852  41$31857-1858$aBritish Library$bNPL$jNEWS11649
=852  41$31860-1876$aBritish Library$bNPL$jNEWS7889
=852  41$31868$aBritish Library$bNPL$jNEWS11895
=852  41$31851$aBritish Library$bHMNTS$zMicroform.$jMFM.M77786 [1851]
=852  41$31852$aBritish Library$bHMNTS$zMicroform.$jMFM.M77786 [1852]
=852  41$31851-1868$aBritish Library$bNPL$jNEWS12559
=852  \\$aBritish Library$bNPL$cLON
=852  41$31853$aBritish Library$bHMNTS$zMicroform.$jMFM.M77787 [1853]
=852  41$31854$aBritish Library$bHMNTS$zMicroform.$jMFM.M77787 [1854]
=852  41$31855$aBritish Library$bHMNTS$zMicroform.$jMFM.M77787 [1855]
=852  41$31856$aBritish Library$bHMNTS$zMicroform.$jMFM.M77788 [1856]
=852  41$31857$aBritish Library$bHMNTS$zMicroform.$jMFM.M77788 [1857]
=852  41$31858$aBritish Library$bHMNTS$zMicroform.$jMFM.M77789 [1858]
=852  41$31859$aBritish Library$bHMNTS$zMicroform.$jMFM.M77789 [1859]
=852  41$31860$aBritish Library$bHMNTS$zMicroform.$jMFM.M77790 [1860]
=852  41$31861$aBritish Library$bHMNTS$zMicroform.$jMFM.M77790 [1861]
=852  41$31862$aBritish Library$bHMNTS$zMicroform.$jMFM.M77791 [1862]
=852  41$31863$aBritish Library$bHMNTS$zMicroform.$jMFM.M77791 [1863]
=852  41$31864$aBritish Library$bHMNTS$zJan - 28 Mar$zMicroform.$jMFM.M77792 [1864]
=852  41$31866$aBritish Library$bHMNTS$z19 Feb - Dec$zMicroform.$jMFM.M77792 [1866]
=852  41$31867$aBritish Library$bHMNTS$zMicroform.$jMFM.M77792 [1867]
=852  41$31868$aBritish Library$bHMNTS$zMicroform.$jMFM.M77792 [1868]
=866  \0$aNewspapers :no.8-684,781-909 (15 April 1851 - 28 March 1864; 19 Feb.1866 - 10 Aug.1868)
=883  0\$aLanguage codes assigned by Bayesian analysis of words present in record$d20200826$qUk$c0.9919
=985  \\$aUpgraded by BSS-generated file for WR2009-0365
=CAT  \\$aBATCH-NPL$b00$c20070912$lBLL01$h1144
=CAT  \\$aBATCH$b00$c20070916$lBLL01$h1812
=CAT  \\$aB-BSS-DEL$b00$c20080331$lBLL01$h1546
=CAT  \\$aNPL-008-N$c20110504$lBLL01$h2221
=CAT  \\$aADD-NID$b00$c20110805$lBLL01$h1428
=CAT  \\$aWR11_021$c20111124$lBLL01$h1527
=CAT  \\$aWR11_021$c20111124$lBLL01$h1533
=CAT  \\$aNPL-LOCK$b77$c20140207$lBLL01$h2206
=CAT  \\$c20140214$lBLL01$h1744
=CAT  \\$aNSB-MIG$b50$c20140215$lBLL01$h0200
=CAT  \\$aRESET-LEV$b50$c20140302$lBLL01$h2354
=CAT  \\$aW2009-0365$b00$c20201017$lBLL01$h0932
=CAT  \\$aRESET-LEV$b50$c20201017$lBLL01$h1751
=FIN  \\$aY
=FMT  \\$a  SE
=LAS  \\$aRESET-LEV$b50$c20201017$lBLL01$h1751
=LEO  \\$aMP35.0000128223
=NID  \\$aNID0020676
=SRC  \\$aNPLv17$bbibmp35.20070831.aa
=TCO  \\$aZZZ$c008

