=LDR  07342 as a2201465u  4500
=001  013916215
=003  Uk
=005  20201127181510.0
=008  950421d19231963||||||p|||\\\\0\\\||eng\\
=019  n\$aNLC0029510
=040  \\$aUk$cUk
=130  0\$aSporting People (London, England : 1923)
=245  00$aSporting People.
=260  \\$aLondon
=336  \\$atext$2rdacontent
=337  \\$aunmediated$2rdamedia
=338  \\$avolume$2rdacarrier
=852  41$31915-1940$aBritish Library$bNPL$jNEWS12216
=852  41$31927$aBritish Library$bHMNTS$zMicroform.$jMFM.M39598 [1927]
=852  41$31943-1953$aBritish Library$bNPL$jNEWS12569
=852  41$31930-1963$aBritish Library$bNPL$jNEWS7115
=852  41$31930-1963$aBritish Library$bNPL$jNEWS7115
=852  41$31930-1963$aBritish Library$bNPL$jNEWS7115
=852  41$31930-1963$aBritish Library$bNPL$jNEWS7115
=852  41$31930-1963$aBritish Library$bNPL$jNEWS7115
=852  41$31951-1973$aBritish Library$bNPL$jNEWS11846
=852  41$31930-1963$aBritish Library$bNPL$jNEWS7115
=852  41$31955-1959$aBritish Library$bNPL$jNEWS11482
=852  41$31930-1963$aBritish Library$bNPL$jNEWS7115
=852  41$31919-1939$aBritish Library$bNPL$jNEWS12669
=852  41$31933$aBritish Library$bNPL$jPENN.NT126
=852  41$31924-1964$aBritish Library$bNPL$jNEWS10947
=852  41$31915-1940$aBritish Library$bNPL$jNEWS12216
=852  41$31927$aBritish Library$bHMNTS$zMicroform.$jMFM.M39598 [1927]
=852  41$31904-1941$aBritish Library$bNPL$jNEWS7628
=852  41$31924$aBritish Library$bHMNTS$zMicroform.$jMFM.M87803 [1924]
=852  41$31925$aBritish Library$bHMNTS$zMicroform.$jMFM.M87804 [1925]
=852  41$31926$aBritish Library$bHMNTS$zMicroform.$jMFM.M87805 [1926]
=852  41$31927$aBritish Library$bHMNTS$zMicroform.$jMFM.M87806 [1927]
=852  41$31928$aBritish Library$bHMNTS$zMicroform.$jMFM.M87807 [1928]
=852  41$31929$aBritish Library$bHMNTS$zMicroform.$jMFM.M87808 [1929]
=852  41$31930$aBritish Library$bHMNTS$zMicroform.$jMFM.M87809 [1930]
=852  41$31931$aBritish Library$bHMNTS$zMicroform.$jMFM.M87810 [1931]
=852  41$31932$aBritish Library$bHMNTS$zMicroform.$jMFM.M87811 [1932]
=852  41$31933$aBritish Library$bHMNTS$zMicroform.$jMFM.M87812 [1933]
=852  41$31934$aBritish Library$bHMNTS$zMicroform.$jMFM.M87813 [1934]
=852  41$31935$aBritish Library$bHMNTS$zMicroform.$jMFM.M87814 [1935]
=852  41$31936$aBritish Library$bHMNTS$zMicroform.$jMFM.M87815 [1936]
=852  41$31937$aBritish Library$bHMNTS$zMicroform.$jMFM.M87816 [1937]
=852  41$31938$aBritish Library$bHMNTS$zMicroform.$jMFM.M87817 [1938]
=852  41$31939$aBritish Library$bHMNTS$zMicroform.$jMFM.M87818 [1939]
=852  41$31940$aBritish Library$bHMNTS$zMicroform.$jMFM.M87819 [1940]
=852  41$31941$aBritish Library$bHMNTS$zMicroform.$jMFM.M87819 [1941]
=852  41$31905$aBritish Library$bHMNTS$zMicroform.$jMFM.M87786 [1905]
=852  41$31906$aBritish Library$bHMNTS$zMicroform.$jMFM.M87787 [1906]
=852  41$31907$aBritish Library$bHMNTS$zMicroform.$jMFM.M87788 [1907]
=852  41$31908$aBritish Library$bHMNTS$zMicroform.$jMFM.M87789 [1908]
=852  41$31909$aBritish Library$bHMNTS$zMicroform.$jMFM.M87790 [1909]
=852  41$31910$aBritish Library$bHMNTS$zMicroform.$jMFM.M87791 [1910]
=852  41$31911$aBritish Library$bHMNTS$zMicroform.$jMFM.M87792 [1911]
=852  41$31912$aBritish Library$bHMNTS$zMicroform.$jMFM.M87793 [1912]
=852  41$31913$aBritish Library$bHMNTS$zMicroform.$jMFM.M87794 [1913]
=852  41$31914$aBritish Library$bHMNTS$zMicroform.$jMFM.M87795 [1914]
=852  41$31915$aBritish Library$bHMNTS$zMicroform.$jMFM.M87796 [1915]
=852  41$31917$aBritish Library$bHMNTS$zMicroform.$jMFM.M87797 [1917]
=852  41$31918$aBritish Library$bHMNTS$zMicroform.$jMFM.M87798 [1918]
=852  41$31919$aBritish Library$bHMNTS$zMicroform.$jMFM.M87798 [1919]
=852  41$31920$aBritish Library$bHMNTS$zMicroform.$jMFM.M87799 [1920]
=852  41$31921$aBritish Library$bHMNTS$zMicroform.$jMFM.M87800 [1921]
=852  41$31922$aBritish Library$bHMNTS$zMicroform.$jMFM.M87801 [1922]
=852  41$31923$aBritish Library$bHMNTS$zMicroform.$jMFM.M87802 [1923]
=852  \\$aBritish Library$bNPL$cLON
=852  41$31919-1939$aBritish Library$bNPL$jNEWS12669
=852  41$31933$aBritish Library$bNPL$jPENN.NT126
=852  41$31885-1962$aBritish Library$bNPL$jNEWS2839
=852  41$31954$aBritish Library$bHMNTS$zMicroform.$jMFM.M34121 [1954]
=852  41$31955$aBritish Library$bHMNTS$zMicroform.$jMFM.M34122 [1955]
=852  41$31956$aBritish Library$bHMNTS$zMicroform.$jMFM.M34123 [1956]
=852  41$31957$aBritish Library$bHMNTS$zMicroform.$jMFM.M34124 [1957]
=852  41$31920-1938$aBritish Library$bNPL$jNEWS11087
=852  41$31936$aBritish Library$bNPL$jNEWS11046
=852  41$31933-1942$aBritish Library$bNPL$jNEWS13513
=852  41$31933-1942$aBritish Library$bNPL$jNEWS13513
=852  41$31916-1939$aBritish Library$bNPL$jNEWS7911
=852  41$31961$aBritish Library$bHMNTS$jLOU.1221 [1961]
=852  41$31962$aBritish Library$bHMNTS$jLOU.2723 [1962]
=852  41$31963$aBritish Library$bHMNTS$jLOU.1712 [1963]
=852  41$31925$aBritish Library$bHMNTS$jLOU.LON 120 [1925]
=852  41$31926$aBritish Library$bHMNTS$jLOU.LON 432 [1926]
=852  41$31927$aBritish Library$bHMNTS$jLOU.LON 799 [1927]
=852  41$31929$aBritish Library$bHMNTS$jLOU.LON 534 [1929]
=852  41$31931$aBritish Library$bHMNTS$jLOU.LON 518 [1931]
=852  41$31935$aBritish Library$bHMNTS$jLOU.LON 815 [1935]
=852  41$31941$aBritish Library$bHMNTS$jLOU.LON 483 [1941]
=852  41$31942$aBritish Library$bHMNTS$jLOU.LON 600 [1942]
=852  41$31943$aBritish Library$bHMNTS$jLOU.LON 428 [1943]
=852  41$31950$aBritish Library$bHMNTS$jLOU.LON 481 [1950]
=852  41$31951$aBritish Library$bHMNTS$jLOU.LON 542 [1951]
=852  41$31953$aBritish Library$bHMNTS$jLOU.LON 8 [1953]
=852  41$31957$aBritish Library$bHMNTS$jLOU.LON 474 [1957]
=852  41$31958$aBritish Library$bHMNTS$jLOU.LON 593 [1958]
=852  41$31959$aBritish Library$bHMNTS$jLOU.LON 399 [1959]
=852  41$31960$aBritish Library$bHMNTS$jLOU.LON 386 [1960]
=866  \0$ano.1-480 (18 May 1923 - 3 Aug.1963)
=883  0\$aLanguage codes assigned by Bayesian analysis of words present in record$d20201028$qUk$c0.9010
=985  \\$aUpgraded by BSS-generated file for WR2011-1472
=CAT  \\$aBATCH-NPL$b00$c20070912$lBLL01$h1144
=CAT  \\$aBATCH$b00$c20070916$lBLL01$h1813
=CAT  \\$aB-BSS-DEL$b00$c20080331$lBLL01$h1546
=CAT  \\$aNPL-008-P$c20110504$lBLL01$h2107
=CAT  \\$aBATCH-UPD$b00$c20110714$lBLL01$h1619
=CAT  \\$aNPL-LOCK$b77$c20140207$lBLL01$h2206
=CAT  \\$c20140214$lBLL01$h1749
=CAT  \\$aNSB-MIG$b50$c20140215$lBLL01$h0201
=CAT  \\$aNSB-MIG$b50$c20140215$lBLL01$h0202
=CAT  \\$aNSB-MIG$b50$c20140215$lBLL01$h0203
=CAT  \\$aRESET-LEV$b50$c20140302$lBLL01$h2354
=CAT  \\$aW2011-1472$b00$c20201127$lBLL01$h1815
=CAT  \\$aRESET-LEV$b50$c20201127$lBLL01$h2242
=FIN  \\$aY
=FMT  \\$a  SE
=LAS  \\$aRESET-LEV$b50$c20201127$lBLL01$h2242
=LEO  \\$aMP35.0000129075
=SRC  \\$aNPLv17$bbibmp35.20070831.aa
=TCO  \\$aZZZ$c008

