=LDR  06501cas a2201441u  4500
=001  013919015
=003  Uk
=005  20201017093257.0
=008  950421d18381926||||||n|||\\\\0\\\||eng\\
=FMT  \\$a  SE
=019  n\$aNLC0037270
=040  \\$aUk$cUk
=082  04$a072.9192$222
=245  04$aThe Nenagh Guardian, or, Tipperary (North Riding) and Ormond Advertiser.
=336  \\$atext$2rdacontent
=337  \\$aunmediated$2rdamedia
=338  \\$avolume$2rdacarrier
=500  \\$a1872; 1873 imperfect.
=500  \\$aMicrofilm only: 1926.
=651  \0$aNenagh (Ireland)$vNewspapers.
=651  \0$aTipperary (Ireland : County)$vNewspapers.
=752  \\$aIreland$bCo. Tipperary$dNenagh.$2blnpn
=785  00$tNenagh Guardian$g1 Jan.1927-4 Jan.1936$w013919016
=866  \0$aNewspapers :no.1, etc. (21 July 1838-18 Dec.1926)
=883  0\$aLanguage codes assigned by Bayesian analysis of words present in record$d20200826$qUk$c0.9919
=852  41$31860$aBritish Library$bNPL$cIRL$j28 [1860]
=852  \\$aBritish Library$bNPL$cIRL
=852  \\$aBritish Library$bNPL$cIRL
=852  \\$aBritish Library$bNPL$cIRL
=852  \\$aBritish Library$bNPL$cIRL
=852  \\$aBritish Library$bNPL$cIRL
=852  \\$aBritish Library$bNPL$cIRL
=852  41$31851$aBritish Library$bNPL$cIRL$j29 [1851]
=852  41$31852$aBritish Library$bNPL$cIRL$j52 [1852]
=852  41$31853$aBritish Library$bNPL$cIRL$j29 [1853]
=852  41$31854$aBritish Library$bNPL$cIRL$j36 [1854]
=852  41$31855$aBritish Library$bNPL$cIRL$j58 [1855]
=852  41$31856$aBritish Library$bNPL$cIRL$j42 [1856]
=852  41$31857$aBritish Library$bNPL$cIRL$j49 [1857]
=852  41$31858$aBritish Library$bNPL$cIRL$j45 [1858]
=852  41$31859$aBritish Library$bNPL$cIRL$j61 [1859]
=852  41$31863$aBritish Library$bNPL$cIRL$j59 [1863]
=852  41$31861$aBritish Library$bNPL$cIRL$j29 [1861]
=852  41$31862$aBritish Library$bNPL$cIRL$j55 [1862]
=852  41$31864$aBritish Library$bNPL$cIRL$j54 [1864]
=852  41$31865$aBritish Library$bNPL$cIRL$j34 [1865]
=852  41$31866$aBritish Library$bNPL$cIRL$j40 [1866]
=852  41$31867$aBritish Library$bNPL$cIRL$j28 [1867]
=852  41$31868$aBritish Library$bNPL$cIRL$j11 [1868]
=852  41$31869$aBritish Library$bNPL$cIRL$j46 [1869]
=852  41$31870$aBritish Library$bNPL$cIRL$j19 [1870]
=852  41$31871$aBritish Library$bNPL$cIRL$j67 [1871]
=852  41$31872$aBritish Library$bNPL$cIRL$j66 [1872]
=852  41$31873$aBritish Library$bNPL$cIRL$j1 [1873]
=852  41$31879$aBritish Library$bNPL$cIRL$j68 [1879]
=852  41$31880$aBritish Library$bNPL$cIRL$j74 [1880]
=852  41$31881$aBritish Library$bNPL$cIRL$j13 [1881]
=852  41$31882$aBritish Library$bNPL$cIRL$j43 [1882]
=852  41$31883$aBritish Library$bNPL$cIRL$j59 [1883]
=852  41$31884$aBritish Library$bNPL$cIRL$j15 [1884]
=852  41$31886$aBritish Library$bNPL$cIRL$j47 [1886]
=852  41$31888$aBritish Library$bNPL$cIRL$j75 [1888]
=852  41$31889$aBritish Library$bNPL$cIRL$j51 [1889]
=852  41$31882$aBritish Library$bNPL$cIRL$j38A [1882]
=852  41$31881$aBritish Library$bNPL$cIRL$j67 [1881]
=852  41$31883$aBritish Library$bNPL$cIRL$j57 [1883]
=852  41$31884$aBritish Library$bNPL$cIRL$j20 [1884]
=852  41$31886$aBritish Library$bNPL$cIRL$j21A [1886]
=852  41$31887$aBritish Library$bNPL$cIRL$j13 [1887]
=852  41$31888$aBritish Library$bNPL$cIRL$j70 [1888]
=852  41$31889$aBritish Library$bNPL$cIRL$j45 [1889]
=852  41$31890$aBritish Library$bNPL$cIRL$j40 [1890]
=852  41$31891$aBritish Library$bNPL$cIRL$j33 [1891]
=852  41$31892$aBritish Library$bNPL$cIRL$j10 [1892]
=852  41$31893$aBritish Library$bNPL$cIRL$j10 [1893]
=852  41$31894$aBritish Library$bNPL$cIRL$j34 [1894]
=852  41$31895$aBritish Library$bNPL$cIRL$j70 [1895]
=852  41$31896$aBritish Library$bNPL$cIRL$j90 [1896]
=852  41$31891$aBritish Library$bNPL$cIRL$j36 [1891]
=852  41$31890$aBritish Library$bNPL$cIRL$j36 [1890]
=852  41$31892$aBritish Library$bNPL$cIRL$j10 [1892]
=852  41$31893$aBritish Library$bNPL$cIRL$j16 [1893]
=852  41$31894$aBritish Library$bNPL$cIRL$j81 [1894]
=852  41$31895$aBritish Library$bNPL$cIRL$j18 [1895]
=852  41$31896$aBritish Library$bNPL$cIRL$j91 [1896]
=852  41$31879$aBritish Library$bNPL$cIRL$j28 [1879]
=852  41$31878$aBritish Library$bNPL$cIRL$j6 [1878]
=852  41$31880$aBritish Library$bNPL$cIRL$j41 [1880]
=852  41$31881$aBritish Library$bNPL$cIRL$j2 [1881]
=852  41$31882$aBritish Library$bNPL$cIRL$j40A [1882]
=852  41$31883$aBritish Library$bNPL$cIRL$j52 [1883]
=852  41$31884$aBritish Library$bNPL$cIRL$j20 [1884]
=852  41$31886$aBritish Library$bNPL$cIRL$j46 [1886]
=852  41$31887$aBritish Library$bNPL$cIRL$j16 [1887]
=852  41$31888$aBritish Library$bNPL$cIRL$j61 [1888]
=852  41$31889$aBritish Library$bNPL$cIRL$j48 [1889]
=852  41$aBritish Library$bNPL$jNEWS shelfmarks - see explore.bl.uk for full holdings
=852  41$aBritish Library$bHMNTS$zMicroform.$jMFM shelfmarks - see explore.bl.uk for full holdings
=985  \\$aDisaggregated Record: NPL
=985  \\$aUpgraded by BSS-generated file for WR2009-0365
=CAT  \\$aBATCH-NPL$b00$c20070912$lBLL01$h1146
=CAT  \\$aBATCH-LINK$b00$c20070915$lBLL01$h0515
=CAT  \\$aBATCH-LINK$b00$c20070915$lBLL01$h0523
=CAT  \\$aBATCH$b00$c20070916$lBLL01$h1815
=CAT  \\$aB-BSS-DEL$b00$c20080331$lBLL01$h1546
=CAT  \\$aNPL-008-N$c20110504$lBLL01$h2222
=CAT  \\$aADD-NID$b00$c20110805$lBLL01$h1429
=CAT  \\$aWR11_021$c20111124$lBLL01$h1527
=CAT  \\$aWR11_021$c20111124$lBLL01$h1534
=CAT  \\$aNPL-LOCK$b77$c20140207$lBLL01$h2207
=CAT  \\$c20140214$lBLL01$h1744
=CAT  \\$aNSB-MIG$b50$c20140215$lBLL01$h0150
=CAT  \\$aRESET-LEV$b50$c20140302$lBLL01$h2354
=CAT  \\$c20141007$lBLL01$h1313
=CAT  \\$aW2009-0365$b00$c20201017$lBLL01$h0932
=CAT  \\$aRESET-LEV$b50$c20201017$lBLL01$h1751
=FIN  \\$aY
=LEO  \\$aMP35.0000136699
=LKR  \\$aPAR$lBLL01$r78500$nNenagh Guardian -1 Jan.1927-4 Jan.1936$b013919016$mThe Nenagh Guardian, or, Tipperary (North Riding) and Ormond Advertiser. - no.1, etc. (21 July 1838-18 Dec.1926)
=NID  \\$aNID0023000
=SRC  \\$aNPLv17$bbibmp35.20070831.aa
=TCO  \\$aZZZ$c008
=LAS  \\$aRESET-LEV$b50$c20201017$lBLL01$h1751

