=LDR  06804 as a2201285u  4500
=001  013921483
=003  Uk
=005  20201017093304.0
=008  950421d18811886||||||n|||\\\\0\\\||eng\\
=019  n\$aNLC0000844
=040  \\$aUk$cUk
=082  04$a072.188$222
=245  04$aThe Hornsey and Finsbury Park Journal.
=336  \\$atext$2rdacontent
=337  \\$aunmediated$2rdamedia
=338  \\$avolume$2rdacarrier
=651  \0$aHaringey (London, England)$vNewspapers.
=752  \\$aEngland$dLondon$fHaringey.$2blnpn
=780  00$tSeven Sisters and Finsbury Park Journal$gno. 1-68 (20 Nov. 1879-3 March 1881)$w013921482
=785  00$tHornsey & Finsbury Park Journal and North Islington Standard$gno. 350-1472 (7 Aug. 1886-14 Feb. 1908)$w013921484
=852  41$31882-1887$aBritish Library$bNPL$jNEWS7356
=852  41$31886-1908$aBritish Library$bNPL$jNEWS13607
=852  41$31882$aBritish Library$bHMNTS$zMicroform.$jMFM.M38103 [1882]
=852  \\$aBritish Library$bNPL$cEW
=852  \\$aBritish Library$bNPL$cEW
=852  41$31914$aBritish Library$bHMNTS$zMicroform.$jMFM.M80830 [1914]
=852  41$31915$aBritish Library$bHMNTS$zMicroform.$jMFM.M80831 [1915]
=852  41$31916$aBritish Library$bHMNTS$zMicroform.$jMFM.M80832 [1916]
=852  41$31917$aBritish Library$bHMNTS$zMicroform.$jMFM.M80833 [1917]
=852  41$31918$aBritish Library$bHMNTS$zMicroform.$jMFM.M80834 [1918]
=852  \\$aBritish Library$bNPL$cEW
=852  \\$aBritish Library$bNPL$cEW
=852  41$31881-1886$aBritish Library$bNPL$jNEWS13606
=852  \\$aBritish Library$bNPL$cLON
=852  \\$aBritish Library$bNPL$cLON
=852  41$31888$aBritish Library$bHMNTS$zMicroform.$jMFM.M80800 [1888]
=852  41$31890$aBritish Library$bHMNTS$zMicroform.$jMFM.M80801 [1890]
=852  41$31892$aBritish Library$bHMNTS$zMicroform.$jMFM.M80802 [1892]
=852  41$31894$aBritish Library$bHMNTS$zMicroform.$jMFM.M80803 [1894]
=852  41$31895$aBritish Library$bHMNTS$zMicroform.$jMFM.M80804 [1895]
=852  41$31896$aBritish Library$bHMNTS$zMicroform.$jMFM.M80804 [1896]
=852  41$31898$aBritish Library$bHMNTS$zMicroform.$jMFM.M80805 [1898]
=852  41$31899$aBritish Library$bHMNTS$zMicroform.$jMFM.M80806 [1899]
=852  41$31900$aBritish Library$bHMNTS$zMicroform.$jMFM.M80806 [1900]
=852  41$31881$aBritish Library$bHMNTS$zMicroform.$jMFM.M38103 [1881]
=852  41$31904$aBritish Library$bHMNTS$zMicroform.$jMFM.M80810-11
=852  41$31905$aBritish Library$bHMNTS$zMicroform.$jMFM.M80812-13
=852  41$31906$aBritish Library$bHMNTS$zMicroform.$jMFM.M80814-15
=852  41$31907$aBritish Library$bHMNTS$zJan-Jun$zMicroform.$jMFM.M80816-17
=852  41$31908$aBritish Library$bHMNTS$zMicroform.$jMFM.M80818-19
=852  41$31909$aBritish Library$bHMNTS$zMicroform.$jMFM.M80820-21
=852  41$31910$aBritish Library$bHMNTS$zMicroform.$jMFM.M80822-23
=852  41$31911$aBritish Library$bHMNTS$zMicroform.$jMFM.M80824-25
=852  41$31912$aBritish Library$bHMNTS$zMicroform.$jMFM.M80826-27
=852  41$31913$aBritish Library$bHMNTS$zMicroform.$jMFM.M80828-29
=852  41$31883$aBritish Library$bHMNTS$zMicroform.$jMFM.M80798 [1883]
=852  41$31885$aBritish Library$bHMNTS$zMicroform.$jMFM.M80799 [1885]
=852  41$31887$aBritish Library$bHMNTS$zMicroform.$jMFM.M80800 [1887]
=852  41$31889$aBritish Library$bHMNTS$zMicroform.$jMFM.M80801 [1889]
=852  41$31891$aBritish Library$bHMNTS$zMicroform.$jMFM.M80802 [1891]
=852  41$31893$aBritish Library$bHMNTS$zMicroform.$jMFM.M80803 [1893]
=852  41$31895-1896$aBritish Library$bHMNTS$zMicroform.$jMFM.M80804 [1895-1896]
=852  41$31897$aBritish Library$bHMNTS$zMicroform.$jMFM.M80805 [1897]
=852  41$31899-1900$aBritish Library$bHMNTS$zMicroform.$jMFM.M80806 [1899-1900]
=852  41$31901$aBritish Library$bHMNTS$zMicroform.$jMFM.M80807 [1901]
=852  41$31902$aBritish Library$bHMNTS$zMicroform.$jMFM.M80808 [1902]
=852  41$31903$aBritish Library$bHMNTS$zMicroform.$jMFM.M80809 [1903]
=852  41$31904$aBritish Library$bHMNTS$zJul-Dec$zMicroform.$jMFM.M80811 [1904]
=852  41$31905$aBritish Library$bHMNTS$zJul-Dec$zMicroform.$jMFM.M80813 [1905]
=852  41$31906$aBritish Library$bHMNTS$zJul-Dec$zMicroform.$jMFM.M80815 [1906]
=852  41$31907$aBritish Library$bHMNTS$zJul-Dec$zMicroform.$jMFM.M80817 [1907]
=852  41$31908$aBritish Library$bHMNTS$zJul-Dec$zMicroform.$jMFM.M80819 [1908]
=852  41$31909$aBritish Library$bHMNTS$zJul-Dec$zMicroform.$jMFM.M80821 [1909]
=852  41$31910$aBritish Library$bHMNTS$zJul-Dec$zMicroform.$jMFM.M80823 [1910]
=852  41$31911$aBritish Library$bHMNTS$zJul-Dec$zMicroform.$jMFM.M80825 [1911]
=852  41$31912$aBritish Library$bHMNTS$zJul-Dec$zMicroform.$jMFM.M80827 [1912]
=852  41$31913$aBritish Library$bHMNTS$zJul-Dec$zMicroform.$jMFM.M80829 [1913]
=852  41$31919$aBritish Library$bHMNTS$zMicroform.$jMFM.M80835 [1919]
=852  41$31920$aBritish Library$bHMNTS$zMicroform.$jMFM.M80836 [1920]
=852  41$31921$aBritish Library$bHMNTS$zMicroform.$jMFM.M80837 [1921]
=852  41$31884$aBritish Library$bHMNTS$zMicroform.$jMFM.M80798 [1884]
=852  41$31886$aBritish Library$bHMNTS$zMicroform.$jMFM.M80799 [1886]
=866  \0$aNewspapers :no. 69-349 (10 March 1881-31 July 1886)
=883  0\$aLanguage codes assigned by Bayesian analysis of words present in record$d20200826$qUk$c0.9919
=985  \\$aDisaggregated Record: NPL
=985  \\$aUpgraded by BSS-generated file for WR2009-0365
=CAT  \\$aBATCH-NPL$b00$c20070912$lBLL01$h1148
=CAT  \\$aBATCH-LINK$b00$c20070915$lBLL01$h0503
=CAT  \\$aBATCH-LINK$b00$c20070915$lBLL01$h0509
=CAT  \\$aBATCH-LINK$b00$c20070915$lBLL01$h0524
=CAT  \\$aBATCH$b00$c20070916$lBLL01$h1818
=CAT  \\$aB-BSS-DEL$b00$c20080331$lBLL01$h1547
=CAT  \\$aNPL-008-N$c20110504$lBLL01$h2223
=CAT  \\$aADD-NID$b00$c20110805$lBLL01$h1429
=CAT  \\$aWR11_021$c20111124$lBLL01$h1528
=CAT  \\$aWR11_021$c20111124$lBLL01$h1534
=CAT  \\$aNPL-LOCK$b77$c20140207$lBLL01$h2208
=CAT  \\$c20140214$lBLL01$h1745
=CAT  \\$aNSB-MIG$b50$c20140215$lBLL01$h0201
=CAT  \\$aRESET-LEV$b50$c20140302$lBLL01$h2355
=CAT  \\$aW2009-0365$b00$c20201017$lBLL01$h0933
=CAT  \\$aRESET-LEV$b50$c20201017$lBLL01$h1751
=FIN  \\$aY
=FMT  \\$a  SE
=LAS  \\$aRESET-LEV$b50$c20201017$lBLL01$h1751
=LEO  \\$aMP35.0000100822.1
=LKR  \\$aPAR$lBLL01$r78500$nHornsey & Finsbury Park Journal and North Islington Standard - no. 350-1472 (7 Aug. 1886-14 Feb. 1908)$b013921484$mThe Hornsey and Finsbury Park Journal. - no. 69-349 (10 March 1881-31 July 1886)
=NID  \\$aNID0024972
=SRC  \\$aNPLv17$bbibmp35.20070831.aa
=TCO  \\$aZZZ$c008

