=LDR  04792 as a2200961u  4500
=001  013921486
=003  Uk
=005  20200417183612.0
=008  950421d19191983||||||n|||\\\\0\\\||eng\\
=019  n\$aNLC0000844
=040  \\$aUk$cUk
=082  04$a072.188$222
=245  00$aHornsey Journal, Finsbury Park & Muswell Hill Standard.
=336  \\$atext$2rdacontent
=337  \\$aunmediated$2rdamedia
=338  \\$avolume$2rdacarrier
=500  \\$aMicrofilm: 1977 to 1988.
=651  \0$aHaringey (London, England)$vNewspapers.
=752  \\$aEngland$dLondon$fHaringey.$2blnpn
=780  00$tHornsey and Finsbury Park Journal and Muswell Hill Standard$gno. 1473-2083 (21 Feb. 1908-31 Oct. 1919)$w013921485
=785  00$tJournal$gno. 5367, etc (15 April 1983-1 Sept. 1988)$w013921487
=852  41$31908-1919$aBritish Library$bNPL$jNEWS13608
=852  41$31941$aBritish Library$bHMNTS$zMicroform.$jMFM.M80860 [1941]
=852  \\$aBritish Library$bNPL$cEW
=852  \\$aBritish Library$bNPL$cEW
=852  41$31943$aBritish Library$bHMNTS$zMicroform.$jMFM.M80862 [1943]
=852  41$31944$aBritish Library$bHMNTS$zMicroform.$jMFM.M80863 [1944]
=852  41$31945$aBritish Library$bHMNTS$zMicroform.$jMFM.M80864 [1945]
=852  41$31946$aBritish Library$bHMNTS$zMicroform.$jMFM.M80865 [1946]
=852  41$31947$aBritish Library$bHMNTS$zMicroform.$jMFM.M80866 [1947]
=852  41$31948$aBritish Library$bHMNTS$zMicroform.$jMFM.M80867 [1948]
=852  41$31949$aBritish Library$bHMNTS$zMicroform.$jMFM.M80868 [1949]
=852  41$31922$aBritish Library$bHMNTS$zMicroform.$jMFM.M80838 [1922]
=852  41$31923$aBritish Library$bHMNTS$zMicroform.$jMFM.M80839 [1923]
=852  41$31924$aBritish Library$bHMNTS$zMicroform.$jMFM.M80840 [1924]
=852  41$31925$aBritish Library$bHMNTS$zMicroform.$jMFM.M80841 [1925]
=852  41$31926$aBritish Library$bHMNTS$zMicroform.$jMFM.M80842 [1926]
=852  41$31927$aBritish Library$bHMNTS$zMicroform.$jMFM.M80843 [1927]
=852  41$31928$aBritish Library$bHMNTS$zMicroform.$jMFM.M80844 [1928]
=852  41$31929$aBritish Library$bHMNTS$zMicroform.$jMFM.M80845 [1929]
=852  41$31930$aBritish Library$bHMNTS$zMicroform.$jMFM.M80846 [1930]
=852  41$31931$aBritish Library$bHMNTS$zMicroform.$jMFM.M80847 [1931]
=852  41$31932$aBritish Library$bHMNTS$zMicroform.$jMFM.M80848 [1932]
=852  41$31933$aBritish Library$bHMNTS$zMicroform.$jMFM.M80849 [1933]
=852  41$31934$aBritish Library$bHMNTS$zMicroform.$jMFM.M80850 [1934]
=852  41$31935$aBritish Library$bHMNTS$zJul-Dec$zMicroform.$jMFM.M80852 [1935]
=852  41$31936$aBritish Library$bHMNTS$zJul-Dec$zMicroform.$jMFM.M80854 [1936]
=852  41$31937$aBritish Library$bHMNTS$zJul-Dec$zMicroform.$jMFM.M80856 [1937]
=852  41$31977-1983$aBritish Library$bHMNTS$zMicroform.$jMFM.SP26
=852  41$31919-1976$aBritish Library$bNPL$jNEWS13609
=852  41$31935$aBritish Library$bHMNTS$zMicroform.$jMFM.M80851-52
=852  41$31936$aBritish Library$bHMNTS$zMicroform.$jMFM.M80853-54
=852  41$31937$aBritish Library$bHMNTS$zMicroform.$jMFM.M80855-56
=852  41$31938$aBritish Library$bHMNTS$zMicroform.$jMFM.M80857-58
=852  41$31938$aBritish Library$bHMNTS$zJul-Dec$zMicroform.$jMFM.M80858 [1938]
=852  41$31939$aBritish Library$bHMNTS$zMicroform.$jMFM.M80859 [1939]
=852  41$31940$aBritish Library$bHMNTS$zMicroform.$jMFM.M80860 [1940]
=852  41$31942$aBritish Library$bHMNTS$zMicroform.$jMFM.M80861 [1942]
=866  \0$aNewspapers :no. 2084-5366 (7 Nov 1919-8 April 1983)
=985  \\$aUpgraded by BSS-generated file for WR1910-0531
=CAT  \\$aBATCH-NPL$b00$c20070912$lBLL01$h1148
=CAT  \\$aBATCH-LINK$b00$c20070915$lBLL01$h0503
=CAT  \\$aBATCH-LINK$b00$c20070915$lBLL01$h0509
=CAT  \\$aBATCH-LINK$b00$c20070915$lBLL01$h0524
=CAT  \\$aBATCH$b00$c20070916$lBLL01$h1818
=CAT  \\$aB-BSS-DEL$b00$c20080331$lBLL01$h1547
=CAT  \\$aNPL-008-N$c20110504$lBLL01$h2223
=CAT  \\$aADD-NID$b00$c20110805$lBLL01$h1429
=CAT  \\$aWR11_021$c20111124$lBLL01$h1528
=CAT  \\$aWR11_021$c20111124$lBLL01$h1534
=CAT  \\$aNPL-LOCK$b77$c20140207$lBLL01$h2208
=CAT  \\$c20140214$lBLL01$h1745
=CAT  \\$aNSB-MIG$b50$c20140215$lBLL01$h0202
=CAT  \\$aW1910-0531$b00$c20200417$lBLL01$h1836
=CAT  \\$aRESET-LEV$b50$c20200417$lBLL01$h2241
=FIN  \\$aY
=FMT  \\$a  SE
=LAS  \\$aRESET-LEV$b50$c20200417$lBLL01$h2241
=LEO  \\$aMP35.0000100822.4
=LKR  \\$aPAR$lBLL01$r78500$nJournal - no. 5367, etc (15 April 1983-1 Sept. 1988)$b013921487$mHornsey Journal, Finsbury Park & Muswell Hill Standard. - no. 2084-5366 (7 Nov 1919-8 April 1983)
=NID  \\$aNID0024975
=SRC  \\$aNPLv17$bbibmp35.20070831.aa
=TCO  \\$aZZZ$c008

