=LDR  02619 as a2200637u  4500
=001  013923113
=003  Uk
=005  20201127181558.0
=008  950421d18711886||||||p|||\\\\0\\\||eng\\
=019  n\$aNLC0004537
=040  \\$aUk$cUk
=130  0\$aVulcan : An independent review, etc (Barrow-in-Furness, England : 1871)
=245  00$aVulcan : An independent review, etc.
=260  \\$aBarrow-in-Furness
=336  \\$atext$2rdacontent
=337  \\$aunmediated$2rdamedia
=338  \\$avolume$2rdacarrier
=500  \\$aMicrofilm only: 1871-4; March 1875; 1883-6.
=780  00$tVulcan : A serio comic journal of satire, wit and humour$gno.1-5 (3 June-1 July 1871)$w013923112
=852  \\$aBritish Library$bNPL$cEW
=852  41$31878$aBritish Library$bHMNTS$jLOU.EW 99 [1878]
=852  41$aBritish Library$bNPL$jNEWS shelfmarks - see explore.bl.uk for full holdings
=852  41$aBritish Library$bHMNTS$zMicroform.$jMFM shelfmarks - see explore.bl.uk for full holdings
=866  \0$ano.6-118, 164-581, [ns] no.1-132 (8 July 1871-20 March, 9 Oct.1875 -27 Dec.1881; 6 Oct.1883-10 April 1886)
=866  \0$aCumbria County Project Microfilms of varied quality with imperfect holdings : 9 Jan. 1879 - 27 Dec. 1881
=883  0\$aLanguage codes assigned by Bayesian analysis of words present in record$d20201028$qUk$c0.9010
=985  \\$aDisaggregated Record: NPL
=985  \\$aUpgraded by BSS-generated file for WR2011-1472
=CAT  \\$aBATCH-NPL$b00$c20070912$lBLL01$h1148
=CAT  \\$aBATCH-LINK$b00$c20070915$lBLL01$h0504
=CAT  \\$aBATCH$b00$c20070916$lBLL01$h1819
=CAT  \\$aB-BSS-DEL$b00$c20080331$lBLL01$h1548
=CAT  \\$aNPL-008-P$c20110504$lBLL01$h2108
=CAT  \\$aBATCH-UPD$b00$c20110714$lBLL01$h1619
=CAT  \\$a13427$b40$c20131108$lBLL01$h1107
=CAT  \\$aNPL-LOCK$b77$c20140207$lBLL01$h2209
=CAT  \\$c20140214$lBLL01$h1749
=CAT  \\$aNSB-MIG$b50$c20140215$lBLL01$h0151
=CAT  \\$aNSB-MIG$b50$c20140215$lBLL01$h0152
=CAT  \\$aRESET-LEV$b50$c20140302$lBLL01$h2355
=CAT  \\$c20140514$lBLL01$h1147
=CAT  \\$c20140519$lBLL01$h1600
=CAT  \\$c20141007$lBLL01$h1310
=CAT  \\$c20150302$lBLL01$h1117
=CAT  \\$c20150316$lBLL01$h1434
=CAT  \\$c20150316$lBLL01$h1449
=CAT  \\$c20150316$lBLL01$h1507
=CAT  \\$c20150323$lBLL01$h0833
=CAT  \\$aW2011-1472$b00$c20201127$lBLL01$h1815
=CAT  \\$aRESET-LEV$b50$c20201127$lBLL01$h2243
=FIN  \\$aY
=FMT  \\$a  SE
=LAS  \\$aRESET-LEV$b50$c20201127$lBLL01$h2243
=LEO  \\$aMP35.0000104436.1
=SRC  \\$aNPLv17$bbibmp35.20070831.aa
=TCO  \\$aZZZ$c008

