=LDR  02631 as a2200613u  4500
=001  013923135
=003  Uk
=005  20201017093308.0
=008  950421d18251916||||||n|||\\\\0\\\||eng\\
=019  n\$aNLC0004668
=040  \\$aUk$cUk
=082  04$a072.398$222
=245  00$aKeenes' Bath Journal and General Advertiser. :$b(Keenes' Bath Journal).
=336  \\$atext$2rdacontent
=337  \\$aunmediated$2rdamedia
=338  \\$avolume$2rdacarrier
=500  \\$aOriginal copies and microfilm of original copies. See separate record for 'Microfilm only' holdings.
=651  \0$aAvon (England)$vNewspapers.
=651  \0$aBath (England)$vNewspapers.
=752  \\$aEngland$bAvon$dBath.$2blnpn
=780  00$tBath Journal$gno.2509, etc (6,20,27 Feb., 5,19 March, 2-16,30 April, 7 May, 4 June, 16 July-6 Aug.1792; 19 Dec.1803)$w013923134
=852  41$31879$aBritish Library$bNPL$cEW$j246 [1879]
=852  \\$aBritish Library$bNPL$cEW
=852  41$aBritish Library$bNPL$jNEWS shelfmarks - see explore.bl.uk for full holdings
=852  41$aBritish Library$bHMNTS$zMicroform.$jMFM shelfmarks - see explore.bl.uk for full holdings
=852  41$aBritish Library$bNPL$jPENN shelfmarks - see explore.bl.uk for full holdings
=866  \0$aNewspapers :no.4207-6721,6733-7050,7103-9007 (3 Jan.1825-14 Oct.1871; 6 Jan.1872- 29 Dec.1877; 4 Jan.1879-25 March 1916)
=883  0\$aLanguage codes assigned by Bayesian analysis of words present in record$d20200826$qUk$c0.9919
=985  \\$aDisaggregated Record: NPL
=985  \\$aUpgraded by BSS-generated file for WR2009-0365
=CAT  \\$aBATCH-NPL$b00$c20070912$lBLL01$h1148
=CAT  \\$aBATCH-LINK$b00$c20070915$lBLL01$h0504
=CAT  \\$aBATCH$b00$c20070916$lBLL01$h1819
=CAT  \\$aB-BSS-DEL$b00$c20080331$lBLL01$h1548
=CAT  \\$aNPL-008-N$c20110504$lBLL01$h2223
=CAT  \\$aADD-NID$b00$c20110805$lBLL01$h1429
=CAT  \\$aWR11_021$c20111124$lBLL01$h1528
=CAT  \\$aWR11_021$c20111124$lBLL01$h1534
=CAT  \\$aNPL-LOCK$b77$c20140207$lBLL01$h2209
=CAT  \\$c20140214$lBLL01$h1745
=CAT  \\$aNSB-MIG$b50$c20140215$lBLL01$h0151
=CAT  \\$aNSB-MIG$b50$c20140215$lBLL01$h0155
=CAT  \\$aNSB-MIG$b50$c20140215$lBLL01$h0156
=CAT  \\$aNSB-MIG$b50$c20140215$lBLL01$h0157
=CAT  \\$aRESET-LEV$b50$c20140302$lBLL01$h2355
=CAT  \\$aW2009-0365$b00$c20201017$lBLL01$h0933
=CAT  \\$aRESET-LEV$b50$c20201017$lBLL01$h1751
=FIN  \\$aY
=FMT  \\$a  SE
=LAS  \\$aRESET-LEV$b50$c20201017$lBLL01$h1751
=LEO  \\$aMP35.0000104562.3
=NID  \\$aNID0025776
=SRC  \\$aNPLv17$bbibmp35.20070831.aa
=TCO  \\$aZZZ$c008

