=LDR  01945 as a2200505u  4500
=001  013923383
=003  Uk
=005  20200417183615.0
=008  950421d19481949||||||p|||\\\\0\\\||eng\\
=019  n\$aNLC0005691
=040  \\$aUk$cUk
=130  0\$aHarton Exchange (Hartland, England : 1948)
=245  00$aHarton Exchange :$bThe N.W. Devon news-advertiser.
=260  \\$aHartland
=336  \\$atext$2rdacontent
=337  \\$aunmediated$2rdamedia
=338  \\$avolume$2rdacarrier
=785  00$tHarton Exchange and Record$gno.17-53 (July 1949-July 1952)$w013923384
=852  41$31934-1955$aBritish Library$bNPL$jNEWS5497
=852  41$31979$aBritish Library$bNPL$j3770-3781 [1979]
=852  41$aBritish Library$bNPL$cEW
=852  41$31946-1994$aBritish Library$bNPL$jNEWS981
=852  \\$32010-04 May (2013)$aBritish Library$bNPL$jNEWS.REG998
=866  \0$ano.1-16 (Feb.1948-May 1949)
=985  \\$aUpgraded by BSS-generated file for WR1910-0531
=CAT  \\$aBATCH-NPL$b00$c20070912$lBLL01$h1149
=CAT  \\$aBATCH-LINK$b00$c20070915$lBLL01$h0511
=CAT  \\$aBATCH-LINK$b00$c20070915$lBLL01$h0524
=CAT  \\$aBATCH$b00$c20070916$lBLL01$h1820
=CAT  \\$aB-BSS-DEL$b00$c20080331$lBLL01$h1548
=CAT  \\$aNPL-008-P$c20110504$lBLL01$h2108
=CAT  \\$aBATCH-UPD$b00$c20110714$lBLL01$h1619
=CAT  \\$aNPL-LOCK$b77$c20140207$lBLL01$h2209
=CAT  \\$c20140214$lBLL01$h1749
=CAT  \\$aNSB-MIG$b50$c20140215$lBLL01$h0143
=CAT  \\$aRESET-LEV$b50$c20140302$lBLL01$h2355
=CAT  \\$aW1910-0531$b00$c20200417$lBLL01$h1836
=CAT  \\$aRESET-LEV$b50$c20200417$lBLL01$h2241
=FIN  \\$aY
=FMT  \\$a  SE
=LAS  \\$aRESET-LEV$b50$c20200417$lBLL01$h2241
=LEO  \\$aMP35.0000105572
=LKR  \\$aPAR$lBLL01$r78500$nHarton Exchange and Record - no.17-53 (July 1949-July 1952)$b013923384$mHarton Exchange : - no.1-16 (Feb.1948-May 1949)
=SRC  \\$aNPLv17$bbibmp35.20070831.aa
=TCO  \\$aZZZ$c008

