=LDR  03372 as a2200709u  4500
=001  013924007
=003  Uk
=005  20201127181604.0
=008  950421d18591859||||||p|||\\\\0\\\||eng\\
=019  n\$aNLC0007854
=040  \\$aUk$cUk
=130  4\$aThe Mechanics' Advertiser (London, England : 1859)
=245  04$aThe Mechanics' Advertiser.
=260  \\$aLondon
=336  \\$atext$2rdacontent
=337  \\$aunmediated$2rdamedia
=338  \\$avolume$2rdacarrier
=780  00$tBuilders' Salesman, and Mechanics' Advertiser$gvol.1.no.42 (3 Sept.1859)$w013924006
=785  00$tBuilders' Salesman, and Mechanics' Advertiser$gvol.1.no.44-46 (17 Sept.-1 Oct.1859)$w013924008
=852  41$31851$aBritish Library$bHMNTS$zMicroform.$jMFM.M77786 [1851]
=852  41$31852$aBritish Library$bHMNTS$zMicroform.$jMFM.M77786 [1852]
=852  41$31851-1868$aBritish Library$bNPL$jNEWS12559
=852  \\$aBritish Library$bNPL$cLON
=852  41$31853$aBritish Library$bHMNTS$zMicroform.$jMFM.M77787 [1853]
=852  41$31854$aBritish Library$bHMNTS$zMicroform.$jMFM.M77787 [1854]
=852  41$31855$aBritish Library$bHMNTS$zMicroform.$jMFM.M77787 [1855]
=852  41$31856$aBritish Library$bHMNTS$zMicroform.$jMFM.M77788 [1856]
=852  41$31857$aBritish Library$bHMNTS$zMicroform.$jMFM.M77788 [1857]
=852  41$31858$aBritish Library$bHMNTS$zMicroform.$jMFM.M77789 [1858]
=852  41$31859$aBritish Library$bHMNTS$zMicroform.$jMFM.M77789 [1859]
=852  41$31860$aBritish Library$bHMNTS$zMicroform.$jMFM.M77790 [1860]
=852  41$31861$aBritish Library$bHMNTS$zMicroform.$jMFM.M77790 [1861]
=852  41$31862$aBritish Library$bHMNTS$zMicroform.$jMFM.M77791 [1862]
=852  41$31863$aBritish Library$bHMNTS$zMicroform.$jMFM.M77791 [1863]
=852  41$31864$aBritish Library$bHMNTS$zJan - 28 Mar$zMicroform.$jMFM.M77792 [1864]
=852  41$31866$aBritish Library$bHMNTS$z19 Feb - Dec$zMicroform.$jMFM.M77792 [1866]
=852  41$31867$aBritish Library$bHMNTS$zMicroform.$jMFM.M77792 [1867]
=852  41$31868$aBritish Library$bHMNTS$zMicroform.$jMFM.M77792 [1868]
=866  \0$avol.1.no.43 (10 Sept.1859)
=883  0\$aLanguage codes assigned by Bayesian analysis of words present in record$d20201028$qUk$c0.9010
=985  \\$aDisaggregated Record: NPL
=985  \\$aUpgraded by BSS-generated file for WR2011-1472
=CAT  \\$aBATCH-NPL$b00$c20070912$lBLL01$h1149
=CAT  \\$aBATCH-LINK$b00$c20070915$lBLL01$h0505
=CAT  \\$aBATCH-LINK$b00$c20070915$lBLL01$h0511
=CAT  \\$aBATCH-LINK$b00$c20070915$lBLL01$h0524
=CAT  \\$aBATCH$b00$c20070916$lBLL01$h1820
=CAT  \\$aB-BSS-DEL$b00$c20080331$lBLL01$h1548
=CAT  \\$aNPL-008-P$c20110504$lBLL01$h2108
=CAT  \\$aBATCH-UPD$b00$c20110714$lBLL01$h1618
=CAT  \\$aNPL-LOCK$b77$c20140207$lBLL01$h2209
=CAT  \\$c20140214$lBLL01$h1749
=CAT  \\$aNSB-MIG$b50$c20140215$lBLL01$h0200
=CAT  \\$aW2011-1472$b00$c20201127$lBLL01$h1816
=CAT  \\$aRESET-LEV$b50$c20201127$lBLL01$h2243
=FIN  \\$aY
=FMT  \\$a  SE
=LAS  \\$aRESET-LEV$b50$c20201127$lBLL01$h2243
=LEO  \\$aMP35.0000107708.2
=LKR  \\$aPAR$lBLL01$r78500$nBuilders' Salesman, and Mechanics' Advertiser -vol.1.no.44-46 (17 Sept.-1 Oct.1859)$b013924008$mThe Mechanics' Advertiser. - vol.1.no.43 (10 Sept.1859)
=SRC  \\$aNPLv17$bbibmp35.20070831.aa
=TCO  \\$aZZZ$c008

