=LDR  04076cas a2200901u  4500
=001  013924242
=003  Uk
=005  20201127181606.0
=008  950421d19151957||||||p|||\\\\0\\\||eng\\
=FMT  \\$a  SE
=019  n\$aNLC0008666
=040  \\$aUk$cUk
=130  4\$aThe Efficiency Magazine (London, England : 1915)
=245  04$aThe Efficiency Magazine.
=260  \\$aLondon
=336  \\$atext$2rdacontent
=337  \\$aunmediated$2rdamedia
=338  \\$avolume$2rdacarrier
=500  \\$aIncorporated with "Achievement".
=866  \0$ano.1-503 (March 1915-Jan.1957)
=883  0\$aLanguage codes assigned by Bayesian analysis of words present in record$d20201028$qUk$c0.9010
=852  41$31957$aBritish Library$bHMNTS$jHIU.LON 608 [1957]
=852  41$31915$aBritish Library$bHMNTS$jLOU.LON 613 [1915]
=852  41$31916$aBritish Library$bHMNTS$jLOU.LON 223 [1916]
=852  41$31917$aBritish Library$bHMNTS$jLOU.LON 654 [1917]
=852  41$31918$aBritish Library$bHMNTS$jLOU.LON 576 [1918]
=852  41$31919$aBritish Library$bHMNTS$jLOU.LON 490 [1919]
=852  41$31920$aBritish Library$bHMNTS$jLOU.LON 737 [1920]
=852  41$31921$aBritish Library$bHMNTS$jLOU.LON 745 [1921]
=852  41$31922$aBritish Library$bHMNTS$jLOU.LON 607 [1922]
=852  41$31923$aBritish Library$bHMNTS$jLOU.LON 600 [1923]
=852  41$31924$aBritish Library$bHMNTS$jLOU.LON 670 [1924]
=852  41$31925$aBritish Library$bHMNTS$jLOU.LON 785 [1925]
=852  41$31926$aBritish Library$bHMNTS$jLOU.LON 749 [1926]
=852  41$31927$aBritish Library$bHMNTS$jLOU.LON 703 [1927]
=852  41$31928$aBritish Library$bHMNTS$jLOU.LON 168 [1928]
=852  41$31930$aBritish Library$bHMNTS$jLOU.LON 359 [1930]
=852  41$31931$aBritish Library$bHMNTS$jLOU.LON 501 [1931]
=852  41$31932$aBritish Library$bHMNTS$zNot Received
=852  41$31933$aBritish Library$bHMNTS$jLOU.LON 727 [1933]
=852  41$31934$aBritish Library$bHMNTS$jLOU.LON 144 [1934]
=852  41$31935$aBritish Library$bHMNTS$jLOU.LON 8 [1935]
=852  41$31936$aBritish Library$bHMNTS$jLOU.LON 22 [1936]
=852  41$31937$aBritish Library$bHMNTS$jLOU.LON 293 [1937]
=852  41$31938$aBritish Library$bHMNTS$jLOU.LON 231 [1938]
=852  41$31939$aBritish Library$bHMNTS$jLOU.LON 135 [1939]
=852  41$31940$aBritish Library$bHMNTS$jLOU.LON 191 [1940]
=852  41$31941$aBritish Library$bHMNTS$jLOU.LON 24 [1941]
=852  41$31942$aBritish Library$bHMNTS$jLOU.LON 188 [1942]
=852  41$31943$aBritish Library$bHMNTS$jLOU.LON 211 [1943]
=852  41$31944$aBritish Library$bHMNTS$jLOU.LON 37 [1944]
=852  41$31945$aBritish Library$bHMNTS$jLOU.LON 286 [1945]
=852  41$31946$aBritish Library$bHMNTS$jLOU.LON 277 [1946]
=852  41$31947$aBritish Library$bHMNTS$jLOU.LON 507 [1947]
=852  41$31948$aBritish Library$bHMNTS$jLOU.LON 584 [1948]
=852  41$31949$aBritish Library$bHMNTS$jLOU.LON 533 [1949]
=852  41$31950$aBritish Library$bHMNTS$jLOU.LON 385 [1950]
=852  41$31951$aBritish Library$bHMNTS$jLOU.LON 379 [1951]
=852  41$31952$aBritish Library$bHMNTS$jLOU.LON 448 [1952]
=852  41$31953$aBritish Library$bHMNTS$jLOU.LON 505 [1953]
=852  41$31954$aBritish Library$bHMNTS$jLOU.LON 605 [1954]
=852  41$31955$aBritish Library$bHMNTS$jLOU.LON 583 [1955]
=852  41$31956$aBritish Library$bHMNTS$jLOU.LON 550 [1956]
=852  41$31929$aBritish Library$bHMNTS$jLOU.LON 78 [1929]
=985  \\$aUpgraded by BSS-generated file for WR2011-1472
=CAT  \\$aBATCH-NPL$b00$c20070912$lBLL01$h1149
=CAT  \\$aBATCH$b00$c20070916$lBLL01$h1821
=CAT  \\$aB-BSS-DEL$b00$c20080331$lBLL01$h1548
=CAT  \\$aNPL-008-P$c20110504$lBLL01$h2108
=CAT  \\$aBATCH-UPD$b00$c20110714$lBLL01$h1618
=CAT  \\$aNPL-LOCK$b77$c20140207$lBLL01$h2209
=CAT  \\$c20140214$lBLL01$h1749
=CAT  \\$aW2011-1472$b00$c20201127$lBLL01$h1816
=FIN  \\$aY
=LEO  \\$aMP35.0000108507
=SRC  \\$aNPLv17$bbibmp35.20070831.aa
=TCO  \\$aZZZ$c008
=LAS  \\$aW2011-1472$b00$c20201127$lBLL01$h1816

