=LDR  02701 as a2200613u  4500
=001  013924383
=003  Uk
=005  20201017093310.0
=008  950421d18571863||||||n|||\\\\0\\\||eng\\
=019  n\$aNLC0009039
=040  \\$aUk$cUk
=082  04$a072.92939{dollar}220
=245  04$aThe Wrexham Telegraph and Denbighshire and Flintshire Reporter.
=336  \\$atext$2rdacontent
=337  \\$aunmediated$2rdamedia
=338  \\$avolume$2rdacarrier
=500  \\$aMicrofilm.
=651  \0$aClwyd (Wales)$vNewspapers.
=651  \0$aWrexham (Wales)$vNewspapers.
=752  \\$aWales$bClwyd$dWrexham.$2blnpn
=780  00$tWrexhamite and Denbighshire and Flintshire Reporter$gno.52-103 (4 Jan.-26 Dec.1856)$w013924382
=785  00$tDenbighshire & Flintshire Telegraph, North Shropshire and West Cheshire Reporter$gno.455-709 (3 Oct.1863-16 Feb.1867)$w013924384
=852  \\$aBritish Library$bNPL$cEW
=852  41$aBritish Library$bNPL$jNEWS shelfmarks - see explore.bl.uk for full holdings
=852  41$aBritish Library$bHMNTS$zMicroform.$jMFM shelfmarks - see explore.bl.uk for full holdings
=866  \0$aNewspapers :no.104-454 (1 Jan.1857-26 Sept.1863)
=883  0\$aLanguage codes assigned by Bayesian analysis of words present in record$d20200826$qUk$c0.9919
=985  \\$aDisaggregated Record: NPL
=985  \\$aUpgraded by BSS-generated file for WR2009-0365
=CAT  \\$aBATCH-NPL$b00$c20070912$lBLL01$h1149
=CAT  \\$aBATCH-LINK$b00$c20070915$lBLL01$h0505
=CAT  \\$aBATCH-LINK$b00$c20070915$lBLL01$h0512
=CAT  \\$aBATCH-LINK$b00$c20070915$lBLL01$h0524
=CAT  \\$aBATCH$b00$c20070916$lBLL01$h1821
=CAT  \\$aB-BSS-DEL$b00$c20080331$lBLL01$h1548
=CAT  \\$aNPL-008-N$c20110504$lBLL01$h2224
=CAT  \\$aADD-NID$b00$c20110805$lBLL01$h1429
=CAT  \\$aWR11_021$c20111124$lBLL01$h1528
=CAT  \\$aWR11_021$c20111124$lBLL01$h1534
=CAT  \\$aNPL-LOCK$b77$c20140207$lBLL01$h2209
=CAT  \\$c20140214$lBLL01$h1745
=CAT  \\$aNSB-MIG$b50$c20140215$lBLL01$h0156
=CAT  \\$aNSB-MIG$b50$c20140215$lBLL01$h0158
=CAT  \\$aRESET-LEV$b50$c20140302$lBLL01$h2355
=CAT  \\$aW2009-0365$b00$c20201017$lBLL01$h0933
=CAT  \\$aRESET-LEV$b50$c20201017$lBLL01$h1751
=FIN  \\$aY
=FMT  \\$a  SE
=LAS  \\$aRESET-LEV$b50$c20201017$lBLL01$h1751
=LEO  \\$aMP35.0000108876.2
=LKR  \\$aPAR$lBLL01$r78500$nDenbighshire & Flintshire Telegraph, North Shropshire and West Cheshire Reporter - no.455-709 (3 Oct.1863-16 Feb.1867)$b013924384$mThe Wrexham Telegraph and Denbighshire and Flintshire Reporter. - no.104-454 (1 Jan.1857-26 Sept.1863)
=NID  \\$aNID0026024
=SRC  \\$aNPLv17$bbibmp35.20070831.aa
=TCO  \\$aZZZ$c008

