=LDR  02306 as a2200577u  4500
=001  013924622
=003  Uk
=005  20200417183619.0
=008  950421d18871903||||||p|||\\\\0\\\||eng\\
=019  n\$aNLC0009619
=040  \\$aUk$cUk
=130  4\$aThe Land Roll (London, England : 1887)
=245  04$aThe Land Roll.
=260  \\$aLondon
=336  \\$atext$2rdacontent
=337  \\$aunmediated$2rdamedia
=338  \\$avolume$2rdacarrier
=780  00$tEstates Roll$gJan.1880-July 1887$w013924621
=852  \\$aBritish Library$bNPL$cEW
=852  \\$aBritish Library$bNPL$cEW
=852  41$31891$aBritish Library$bNPL$cLON$jLD40
=852  41$31875$aBritish Library$bNPL$cEW$j303 [1875]
=852  41$31889$aBritish Library$bHMNTS$jLOU.LON 122A [1889]
=852  41$31898$aBritish Library$bHMNTS$jLOU.LON 230 [1898]
=852  41$31899$aBritish Library$bHMNTS$jLOU.LON 228 [1899]
=852  41$aBritish Library$bNPL$jNEWS shelfmarks - see explore.bl.uk for full holdings
=852  41$31900$aBritish Library$bHMNTS$jLOU.LON 78 [1900]
=852  41$aBritish Library$bHMNTS$zMicroform.$jMFM shelfmarks - see explore.bl.uk for full holdings
=852  41$31901$aBritish Library$bHMNTS$jLOU.LON 84 [1901]
=852  41$31902$aBritish Library$bHMNTS$jLOU.LON 252 [1902]
=852  41$31903$aBritish Library$bHMNTS$zJan. - Feb. 1908 With 1908$jLOU.LON Shelfmarks held at Newspaper Reading Room issue Desk, Colindale
=866  \0$aAug.1887-Jan./Feb.1903.
=985  \\$aUpgraded by BSS-generated file for WR1910-0531
=CAT  \\$aBATCH-NPL$b00$c20070912$lBLL01$h1149
=CAT  \\$aBATCH-LINK$b00$c20070915$lBLL01$h0505
=CAT  \\$aBATCH$b00$c20070916$lBLL01$h1821
=CAT  \\$aB-BSS-DEL$b00$c20080331$lBLL01$h1548
=CAT  \\$aNPL-008-P$c20110504$lBLL01$h2108
=CAT  \\$aBATCH-UPD$b00$c20110714$lBLL01$h1618
=CAT  \\$aNPL-LOCK$b77$c20140207$lBLL01$h2209
=CAT  \\$c20140214$lBLL01$h1749
=CAT  \\$aNSB-MIG$b50$c20140215$lBLL01$h0201
=CAT  \\$aRESET-LEV$b50$c20140302$lBLL01$h2355
=CAT  \\$aW1910-0531$b00$c20200417$lBLL01$h1836
=CAT  \\$aRESET-LEV$b50$c20200417$lBLL01$h2241
=FIN  \\$aY
=FMT  \\$a  SE
=LAS  \\$aRESET-LEV$b50$c20200417$lBLL01$h2241
=LEO  \\$aMP35.0000109446.1
=SRC  \\$aNPLv17$bbibmp35.20070831.aa
=TCO  \\$aZZZ$c008

