=LDR  03765 as a2200817u  4500
=001  013927675
=003  Uk
=005  20201127181629.0
=008  950421d18711902||||||n|||\\\\0\\\||eng\\
=019  n\$aNLC0015299
=040  \\$aUk$cUk
=082  04$a072.262$222
=245  00$aWest Sussex Journal, etc.
=336  \\$atext$2rdacontent
=337  \\$aunmediated$2rdamedia
=338  \\$avolume$2rdacarrier
=500  \\$aPublished in Lewes; sold and circulated in West Sussex.
=500  \\$aA localised edition of the"Sussex Express.".
=500  \\$aMicrofilm only: 1871; 1897.
=651  \0$aChichester (England)$vNewspapers.
=651  \0$aWest Sussex (England)$vNewspapers.
=752  \\$aEngland$bWest Sussex$dChichester.$2blnpn
=852  41$31881$aBritish Library$bNPL$cEW$j454 [1881]$xvariant edition: Tunbridge Wells & Tonbridge Weekly Express
=852  41$31878; Unfit for use$aBritish Library$bNPL$cEW$j391 [1878]$xvariant edition: Tunbridge Wells & Tonbridge Weekly Express
=852  41$31894$aBritish Library$bNPL$cEW$j585 [1894]
=852  \\$aBritish Library$bNPL$cLON
=852  41$31893$aBritish Library$bNPL$cLON$jLD40$xBound with Sunday Times
=852  41$31881$aBritish Library$bNPL$cEW$j454 [1881]$xvariant edition: Tunbridge Wells & Tonbridge Weekly Express
=852  41$31878; Unfit for use$aBritish Library$bNPL$cEW$j391 [1878]$xvariant edition: Tunbridge Wells & Tonbridge Weekly Express
=852  41$31894$aBritish Library$bNPL$cEW$j585 [1894]
=852  41$31888; Missing$aBritish Library$bNPL$cEW$j513 [1888]
=852  41$31888; Missing$aBritish Library$bNPL$cEW$j513 [1888]
=852  41$31897$aBritish Library$bNPL$cEW$j593 [1897]
=852  41$31897$aBritish Library$bNPL$cEW$j593 [1897]
=852  41$aBritish Library$bNPL$jNEWS shelfmarks - see explore.bl.uk for full holdings
=852  41$aBritish Library$bHMNTS$zMicroform.$jMFM shelfmarks - see explore.bl.uk for full holdings
=852  41$31881$aBritish Library$bNPL$cEW$j454 [1881]$xvariant edition: Tunbridge Wells & Tonbridge Weekly Express
=852  41$31878; Unfit for use$aBritish Library$bNPL$cEW$j391 [1878]$xvariant edition: Tunbridge Wells & Tonbridge Weekly Express
=852  41$31894$aBritish Library$bNPL$cEW$j585 [1894]
=866  \0$aNewspapers :25 Sept.1871 - 30 Dec. 1902.
=883  0\$aLanguage codes assigned by Bayesian analysis of words present in record$d20201028$qUk$c0.9010
=985  \\$aUpgraded by BSS-generated file for WR2011-1472
=CAT  \\$aBATCH-NPL$b00$c20070912$lBLL01$h1151
=CAT  \\$aBATCH$b00$c20070916$lBLL01$h1824
=CAT  \\$aB-BSS-DEL$b00$c20080331$lBLL01$h1549
=CAT  \\$aNPL-008-N$c20110504$lBLL01$h2224
=CAT  \\$aADD-NID$b00$c20110805$lBLL01$h1429
=CAT  \\$aWR11_021$c20111124$lBLL01$h1528
=CAT  \\$aWR11_021$c20111124$lBLL01$h1534
=CAT  \\$a12060$b40$c20130918$lBLL01$h0950
=CAT  \\$aNPL-LOCK$b77$c20140207$lBLL01$h2210
=CAT  \\$c20140214$lBLL01$h1745
=CAT  \\$aNSB-MIG$b50$c20140215$lBLL01$h0151
=CAT  \\$aNSB-MIG$b50$c20140215$lBLL01$h0152
=CAT  \\$aNSB-MIG$b50$c20140215$lBLL01$h0153
=CAT  \\$aNSB-MIG$b50$c20140215$lBLL01$h0154
=CAT  \\$aNSB-MIG$b50$c20140215$lBLL01$h0155
=CAT  \\$aNSB-MIG$b50$c20140215$lBLL01$h0159
=CAT  \\$aNSB-MIG$b50$c20140215$lBLL01$h0205
=CAT  \\$aNSB-MIG$b50$c20140215$lBLL01$h0206
=CAT  \\$aRESET-LEV$b50$c20140302$lBLL01$h2356
=CAT  \\$c20140411$lBLL01$h1326
=CAT  \\$aW2011-1472$b00$c20201127$lBLL01$h1816
=CAT  \\$aRESET-LEV$b50$c20201127$lBLL01$h2244
=FIN  \\$aY
=FMT  \\$a  SE
=LAS  \\$aRESET-LEV$b50$c20201127$lBLL01$h2244
=LEO  \\$aMP35.0000115038
=NID  \\$aNID0026820
=SRC  \\$aNPLv17$bbibmp35.20070831.aa
=TCO  \\$aZZZ$c008

