=LDR  04051 as a2200817u  4500
=001  013928065
=003  Uk
=005  20200417183630.0
=008  950421d19181931||||||p|||\\\\0\\\||eng\\
=019  n\$aNLC0017241
=040  \\$aUk$cUk
=130  4\$aThe Worker (Glasgow, Scotland : 1918)
=245  04$aThe Worker :$bThe organ of the Clyde Workers' Commitece. (The organ of National Workers Committees. - Official organ, British Bureau, Red International of Labour Unions. - Official organ of the National Minority Movement.).
=260  \\$aGlasgow
=336  \\$atext$2rdacontent
=337  \\$aunmediated$2rdamedia
=338  \\$avolume$2rdacarrier
=500  \\$aFrom 28 Aug.1926 onward published in London.
=500  \\$aMicrofilm: 1918 -21.
=785  00$tWeekly Worker : Paper of the National Minority Movement, British Section of the Red International of Labour Unions$gvol.6.no.12 - vol.7.no.24 (5 Dec.1931 - 25 Feb.1933)$w013928066
=852  41$31928$aBritish Library$bNPL$cSCT$jAP14
=852  41$31940$aBritish Library$bNPL$cSCT$j213 [1940]
=852  41$31961$aBritish Library$bNPL$j2717 [1961]
=852  41$31962$aBritish Library$bNPL$j2845 [1962]
=852  41$31963$aBritish Library$bNPL$j1761 [1963]
=852  41$31964$aBritish Library$bNPL$j2006 [1964]
=852  41$31965$aBritish Library$bNPL$j1513 [1965]
=852  41$31966$aBritish Library$bNPL$j2951-2 [1966]
=852  41$31967$aBritish Library$bNPL$j2863-4 [1967]
=852  41$31968$aBritish Library$bNPL$j3389-90 [1968]
=852  41$31969$aBritish Library$bNPL$j3741-2 [1969]
=852  41$31970$aBritish Library$bNPL$j4068-9 [1970]
=852  41$31971$aBritish Library$bNPL$j4362-3 [1971]
=852  41$31973$aBritish Library$bNPL$j3043-4 [1973]
=852  41$31974$aBritish Library$bNPL$j4167-8 [1974]
=852  41$31975$aBritish Library$bNPL$j2980-1 [1975]
=852  41$aBritish Library$bNPL$cSCT
=852  41$31867$aBritish Library$bNPL$cLON$jLD12$xBound with Sporting Life
=852  41$31869$aBritish Library$bNPL$cLON$jLD12$xBound with Sporting Life
=852  41$31921$aBritish Library$bHMNTS$jLOU.SCT 779 [1921]
=852  41$31919$aBritish Library$bHMNTS$jLOU.SCT 39 [1919]
=852  41$31922$aBritish Library$bHMNTS$jLOU.SCT 997 [1922]
=852  41$31925$aBritish Library$bHMNTS$jLOU.SCT 1756 [1925]
=852  41$31926$aBritish Library$bHMNTS$jLOU.LON 523 [1926]
=852  41$31928$aBritish Library$bHMNTS$jLOU.LON 234 [1928]
=852  41$31931$aBritish Library$bHMNTS$jLOU.LON 133 [1931]
=852  41$aBritish Library$bNPL$jNEWS shelfmarks - see explore.bl.uk for full holdings
=852  41$aBritish Library$bHMNTS$zMicroform.$jMFM shelfmarks - see explore.bl.uk for full holdings
=866  \0$ano.[5]-402; New series.no.[1] - vol.6.no.11 ([14] Dec.1918 - 29 Nov.1931)
=985  \\$aUpgraded by BSS-generated file for WR1910-0531
=CAT  \\$aBATCH-NPL$b00$c20070912$lBLL01$h1151
=CAT  \\$aBATCH-LINK$b00$c20070915$lBLL01$h0513
=CAT  \\$aBATCH-LINK$b00$c20070915$lBLL01$h0524
=CAT  \\$aBATCH$b00$c20070916$lBLL01$h1825
=CAT  \\$aB-BSS-DEL$b00$c20080331$lBLL01$h1549
=CAT  \\$aNPL-008-P$c20110504$lBLL01$h2110
=CAT  \\$aBATCH-UPD$b00$c20110714$lBLL01$h1618
=CAT  \\$aNPL-LOCK$b77$c20140207$lBLL01$h2211
=CAT  \\$c20140214$lBLL01$h1749
=CAT  \\$aNSB-MIG$b50$c20140215$lBLL01$h0147
=CAT  \\$aNSB-MIG$b50$c20140215$lBLL01$h0202
=CAT  \\$aRESET-LEV$b50$c20140302$lBLL01$h2356
=CAT  \\$aW1910-0531$b00$c20200417$lBLL01$h1836
=CAT  \\$aRESET-LEV$b50$c20200417$lBLL01$h2241
=FIN  \\$aY
=FMT  \\$a  SE
=LAS  \\$aRESET-LEV$b50$c20200417$lBLL01$h2241
=LEO  \\$aMP35.0000116944
=LKR  \\$aPAR$lBLL01$r78500$nWeekly Worker : Paper of the National Minority Movement, British Section of the Red International of Labour Unions -vol.6.no.12 - vol.7.no.24 (5 Dec.1931 - 25 Feb.1933)$b013928066$mThe Worker : - no.[5]-402; New series.no.[1] - vol.6.no.11 ([14] Dec.1918 - 29 Nov.1931)
=SRC  \\$aNPLv17$bbibmp35.20070831.aa
=TCO  \\$aZZZ$c008

