=LDR  03935 as a2200841u  4500
=001  013928691
=003  Uk
=005  20201127181638.0
=008  950421d18551864||||||p|||\\\\0\\\||eng\\
=019  n\$aNLC0019624
=040  \\$aUk$cUk
=130  4\$aThe Christian Cabinet (London, England : 1855)
=245  04$aThe Christian Cabinet.
=260  \\$aLondon
=336  \\$atext$2rdacontent
=337  \\$aunmediated$2rdamedia
=338  \\$avolume$2rdacarrier
=500  \\$aDiscontinued.
=852  41$31855$aBritish Library$bNPL$jNEWS8733
=852  41$31853-1856$aBritish Library$bNPL$jNEWS11954
=852  41$31854$aBritish Library$bHMNTS$zMicroform.$jMFM.M20701 [1854]
=852  41$31854$aBritish Library$bHMNTS$zMicroform.$jMFM.M20700 [1854]
=852  41$31855$aBritish Library$bHMNTS$zMicroform.$jMFM.M20703 [1855]
=852  41$31855$aBritish Library$bHMNTS$zMicroform.$jMFM.M20702 [1855]
=852  41$31856$aBritish Library$bHMNTS$zJan. - June$zMicroform.$jMFM.M20704 [1856]
=852  41$31857-1858$aBritish Library$bNPL$jNEWS11658
=852  41$31857-1858$aBritish Library$bNPL$jNEWS11649
=852  41$31851$aBritish Library$bHMNTS$zMicroform.$jMFM.M77786 [1851]
=852  41$31852$aBritish Library$bHMNTS$zMicroform.$jMFM.M77786 [1852]
=852  41$31851-1868$aBritish Library$bNPL$jNEWS12559
=852  \\$aBritish Library$bNPL$cLON
=852  41$31853$aBritish Library$bHMNTS$zMicroform.$jMFM.M77787 [1853]
=852  41$31854$aBritish Library$bHMNTS$zMicroform.$jMFM.M77787 [1854]
=852  41$31855$aBritish Library$bHMNTS$zMicroform.$jMFM.M77787 [1855]
=852  41$31856$aBritish Library$bHMNTS$zMicroform.$jMFM.M77788 [1856]
=852  41$31857$aBritish Library$bHMNTS$zMicroform.$jMFM.M77788 [1857]
=852  41$31858$aBritish Library$bHMNTS$zMicroform.$jMFM.M77789 [1858]
=852  41$31859$aBritish Library$bHMNTS$zMicroform.$jMFM.M77789 [1859]
=852  41$31860$aBritish Library$bHMNTS$zMicroform.$jMFM.M77790 [1860]
=852  41$31861$aBritish Library$bHMNTS$zMicroform.$jMFM.M77790 [1861]
=852  41$31862$aBritish Library$bHMNTS$zMicroform.$jMFM.M77791 [1862]
=852  41$31863$aBritish Library$bHMNTS$zMicroform.$jMFM.M77791 [1863]
=852  41$31864$aBritish Library$bHMNTS$zJan - 28 Mar$zMicroform.$jMFM.M77792 [1864]
=852  41$31866$aBritish Library$bHMNTS$z19 Feb - Dec$zMicroform.$jMFM.M77792 [1866]
=852  41$31867$aBritish Library$bHMNTS$zMicroform.$jMFM.M77792 [1867]
=852  41$31868$aBritish Library$bHMNTS$zMicroform.$jMFM.M77792 [1868]
=852  41$31860-1876$aBritish Library$bNPL$jNEWS7889
=852  41$31857-1961$aBritish Library$bNPL$jNEWS14538
=852  41$31857$aBritish Library$bHMNTS$zMicroform.$jMFM.M21595 [1857]
=852  41$31857-1961$aBritish Library$bNPL$jNEWS14538
=852  41$31857$aBritish Library$bHMNTS$zMicroform.$jMFM.M21595 [1857]
=852  41$31860$aBritish Library$bHMNTS$jLOU.LON 114 [1860]
=852  41$31861$aBritish Library$bHMNTS$jLOU.LON 111 [1861]
=866  \0$ano.1-495 (13 July 1855 - 28 Dec.1864)
=883  0\$aLanguage codes assigned by Bayesian analysis of words present in record$d20201028$qUk$c0.9010
=985  \\$aUpgraded by BSS-generated file for WR2011-1472
=CAT  \\$aBATCH-NPL$b00$c20070912$lBLL01$h1152
=CAT  \\$aBATCH$b00$c20070916$lBLL01$h1825
=CAT  \\$aB-BSS-DEL$b00$c20080331$lBLL01$h1549
=CAT  \\$aNPL-008-P$c20110504$lBLL01$h2110
=CAT  \\$aBATCH-UPD$b00$c20110714$lBLL01$h1617
=CAT  \\$aNPL-LOCK$b77$c20140207$lBLL01$h2211
=CAT  \\$c20140214$lBLL01$h1749
=CAT  \\$aNSB-MIG$b50$c20140215$lBLL01$h0200
=CAT  \\$aRESET-LEV$b50$c20140302$lBLL01$h2356
=CAT  \\$aW2011-1472$b00$c20201127$lBLL01$h1816
=CAT  \\$aRESET-LEV$b50$c20201127$lBLL01$h2244
=FIN  \\$aY
=FMT  \\$a  SE
=LAS  \\$aRESET-LEV$b50$c20201127$lBLL01$h2244
=LEO  \\$aMP35.0000119293
=SRC  \\$aNPLv17$bbibmp35.20070831.aa
=TCO  \\$aZZZ$c008

