=LDR  04342cas a2200889u  4500
=001  013930742
=003  Uk
=005  20201017093321.0
=008  950421d18491884||||||n|||\\\\0\\\||eng\\
=FMT  \\$a  SE
=019  n\$aNLC0022646
=040  \\$aUk$cUk
=082  04$a072.1$222
=245  04$aThe Watchman and Wesleyan Advertiser.
=336  \\$atext$2rdacontent
=337  \\$aunmediated$2rdamedia
=338  \\$avolume$2rdacarrier
=651  \0$aLondon (England)$vNewspapers.
=752  \\$aEngland$dLondon.$2blnpn
=780  00$tWatchman$gno.1-730 (7 Jan.1835 - 27 Dec.1848)$w013930741
=866  \0$aNewspapers :New series.no.731 - ser.4.vol.50.no.53 (3 Jan.1849 - 31 Dec.1884)
=883  0\$aLanguage codes assigned by Bayesian analysis of words present in record$d20200826$qUk$c0.9919
=852  41$31861$aBritish Library$bNPL$cLON$jLD43$xWith Reynolds Newspaper
=852  41$31850$aBritish Library$bNPL$cLON$jLD43$xBound with Reynolds Newspaper
=852  41$31870$aBritish Library$bNPL$cLON$jLD12$xBound with Sporting Life
=852  41$31850$aBritish Library$bNPL$cLON$jLD43$xBound with Reynolds Newspaper
=852  41$31870$aBritish Library$bNPL$cLON$jLD12$xBound with Sporting Life
=852  \\$aBritish Library$bNPL$cLON
=852  41$31893$aBritish Library$bNPL$cLON$jLD40$xBound with Sunday Times
=852  41$31850$aBritish Library$bNPL$cLON$jLD43$xBound with Reynolds Newspaper
=852  41$31870$aBritish Library$bNPL$cLON$jLD12$xBound with Sporting Life
=852  41$31850$aBritish Library$bNPL$cLON$jLD43$xBound with Reynolds Newspaper
=852  41$31870$aBritish Library$bNPL$cLON$jLD12$xBound with Sporting Life
=852  41$31850$aBritish Library$bNPL$cLON$jLD43$xBound with Reynolds Newspaper
=852  41$31870$aBritish Library$bNPL$cLON$jLD12$xBound with Sporting Life
=852  41$31867$aBritish Library$bNPL$cLON$jLD13$xBound with Sportsman
=852  41$31850$aBritish Library$bNPL$cLON$jLD43$xBound with Reynolds Newspaper
=852  41$31870$aBritish Library$bNPL$cLON$jLD12$xBound with Sporting Life
=852  41$31835$aBritish Library$bNPL$cLON$jLD14$xBound and shelved with 'Bell's Life in London'.
=852  41$31827$aBritish Library$bNPL$cLON$jLD14$xBound and shelved with 'Bell's Life in London'.
=852  41$aBritish Library$bHMNTS$jBurney.Add.141
=852  41$aBritish Library$bHMNTS$jBurney.Add.132.(10)
=852  41$31835$aBritish Library$bNPL$cLON$jLD14$xBound and shelved with 'Bell's Life in London'.
=852  41$aBritish Library$bNPL$jNEWS shelfmarks - see explore.bl.uk for full holdings
=852  41$31827$aBritish Library$bNPL$cLON$jLD14$xBound and shelved with 'Bell's Life in London'.
=852  41$aBritish Library$bHMNTS$zMicroform.$jMFM shelfmarks - see explore.bl.uk for full holdings
=852  41$aBritish Library$bHMNTS$jBurney.Add.141
=852  41$aBritish Library$bHMNTS$jBurney.Add.132.(10)
=852  41$31835$aBritish Library$bNPL$cLON$jLD14$xBound and shelved with 'Bell's Life in London'.
=852  41$31827$aBritish Library$bNPL$cLON$jLD14$xBound and shelved with 'Bell's Life in London'.
=852  41$aBritish Library$bHMNTS$jBurney.Add.141
=852  41$aBritish Library$bHMNTS$jBurney.Add.132.(10)
=985  \\$aDisaggregated Record: NPL
=985  \\$aUpgraded by BSS-generated file for WR2009-0365
=CAT  \\$aBATCH-NPL$b00$c20070912$lBLL01$h1153
=CAT  \\$aBATCH-LINK$b00$c20070915$lBLL01$h0508
=CAT  \\$aBATCH$b00$c20070916$lBLL01$h1828
=CAT  \\$aB-BSS-DEL$b00$c20080331$lBLL01$h1550
=CAT  \\$aNPL-008-N$c20110504$lBLL01$h2224
=CAT  \\$aADD-NID$b00$c20110805$lBLL01$h1429
=CAT  \\$aWR11_021$c20111124$lBLL01$h1528
=CAT  \\$aWR11_021$c20111124$lBLL01$h1534
=CAT  \\$aNPL-LOCK$b77$c20140207$lBLL01$h2212
=CAT  \\$c20140214$lBLL01$h1745
=CAT  \\$aNSB-MIG$b50$c20140215$lBLL01$h0200
=CAT  \\$aNSB-MIG$b50$c20140215$lBLL01$h0201
=CAT  \\$aNSB-MIG$b50$c20140215$lBLL01$h0203
=CAT  \\$aRESET-LEV$b50$c20140302$lBLL01$h2356
=CAT  \\$c20140922$lBLL01$h1515
=CAT  \\$aW2009-0365$b00$c20201017$lBLL01$h0933
=CAT  \\$aRESET-LEV$b50$c20201017$lBLL01$h1751
=FIN  \\$aY
=LEO  \\$aMP35.0000122292.1
=NID  \\$aNID0027221
=SRC  \\$aNPLv17$bbibmp35.20070831.aa
=TCO  \\$aZZZ$c008
=LAS  \\$aRESET-LEV$b50$c20201017$lBLL01$h1751

