=LDR  04131 as a2200877u  4500
=001  013934575
=003  Uk
=005  20201127181709.0
=008  950421d18311870||||||p|||\\\\0\\\||eng\\
=019  n\$aNLC0028087
=040  \\$aUk$cUk
=130  4\$aThe London Mercantile Journal (London, England : 1831)
=245  04$aThe London Mercantile Journal.
=260  \\$aLondon
=336  \\$atext$2rdacontent
=337  \\$aunmediated$2rdamedia
=338  \\$avolume$2rdacarrier
=780  00$tNew Mercantile Journal$gvol.2.no.11 - vol.3.no.52 (22 March - 6 Dec.1831)$w013934574
=852  41$31861$aBritish Library$bNPL$cLON$jLD43$xWith Reynolds Newspaper
=852  41$31850$aBritish Library$bNPL$cLON$jLD43$xBound with Reynolds Newspaper
=852  41$31870$aBritish Library$bNPL$cLON$jLD12$xBound with Sporting Life
=852  41$31867$aBritish Library$bNPL$cLON$jLD12$xBound with Sporting Life
=852  41$31869$aBritish Library$bNPL$cLON$jLD12$xBound with Sporting Life
=852  41$31866$aBritish Library$bNPL$cLON$jLD13$xBound with Sportsman
=852  41$31867$aBritish Library$bNPL$cLON$jLD12$xBound with Sporting Life
=852  41$31869$aBritish Library$bNPL$cLON$jLD12$xBound with Sporting Life
=852  41$31850$aBritish Library$bNPL$cLON$jLD43$xBound with Reynolds Newspaper
=852  41$31870$aBritish Library$bNPL$cLON$jLD12$xBound with Sporting Life
=852  \\$aBritish Library$bNPL$cLON
=852  41$31893$aBritish Library$bNPL$cLON$jLD40$xBound with Sunday Times
=852  41$31836$aBritish Library$bHMNTS$jLOU.LD133
=852  41$31832$aBritish Library$bHMNTS$jLOU.LON 1011 [1832]
=852  41$31834$aBritish Library$bHMNTS$jLOU.LON 1050 [1834]
=852  41$31835$aBritish Library$bHMNTS$jLOU.LON 1068 [1835]
=852  41$31838$aBritish Library$bHMNTS$jLOU.LON 1141 [1838]
=852  41$31839$aBritish Library$bHMNTS$jLOU.LON 1154 [1839]
=852  41$31840$aBritish Library$bHMNTS$jLOU.LON 975 [1840]
=852  41$31842$aBritish Library$bHMNTS$jLOU.LON 61 [1842]
=852  41$31843$aBritish Library$bHMNTS$jLOU.LON 14 [1843]
=852  41$31844$aBritish Library$bHMNTS$jLOU.LON 66 [1844]
=852  41$31844$aBritish Library$bHMNTS$jLOU.LON 45 [1844]
=852  41$31845$aBritish Library$bHMNTS$jLOU.LON 21 [1845]
=852  41$31846$aBritish Library$bHMNTS$jLOU.LON 44 [1846]
=852  41$31848$aBritish Library$bHMNTS$jLOU.LON 23 [1848]
=852  41$31850$aBritish Library$bHMNTS$jLOU.LON 46 [1850]
=852  41$31852$aBritish Library$bHMNTS$jLOU.LON 73 [1852]
=852  41$31856$aBritish Library$bHMNTS$jLOU.LON 55 [1856]
=852  41$31861$aBritish Library$bHMNTS$jLOU.LON 100 [1861]
=852  41$aBritish Library$bNPL$jNEWS shelfmarks - see explore.bl.uk for full holdings
=852  41$31866$aBritish Library$bHMNTS$jLOU.LON 11 [1866]
=852  41$aBritish Library$bHMNTS$zMicroform.$jMFM shelfmarks - see explore.bl.uk for full holdings
=852  41$31867$aBritish Library$bHMNTS$jLOU.LON 85 [1867]
=852  41$31868$aBritish Library$bHMNTS$jLOU.LON 94 [1868]
=866  \0$a13 Dec.1831 - 22 March 1870.
=883  0\$aLanguage codes assigned by Bayesian analysis of words present in record$d20201028$qUk$c0.9010
=985  \\$aDisaggregated Record: NPL
=985  \\$aUpgraded by BSS-generated file for WR2011-1472
=CAT  \\$aBATCH-NPL$b00$c20070912$lBLL01$h1155
=CAT  \\$aBATCH-LINK$b00$c20070915$lBLL01$h0508
=CAT  \\$aBATCH$b00$c20070916$lBLL01$h1831
=CAT  \\$aB-BSS-DEL$b00$c20080331$lBLL01$h1550
=CAT  \\$aNPL-008-P$c20110504$lBLL01$h2112
=CAT  \\$aBATCH-UPD$b00$c20110714$lBLL01$h1616
=CAT  \\$aNPL-LOCK$b77$c20140207$lBLL01$h2213
=CAT  \\$c20140214$lBLL01$h1750
=CAT  \\$aNSB-MIG$b50$c20140215$lBLL01$h0200
=CAT  \\$aNSB-MIG$b50$c20140215$lBLL01$h0201
=CAT  \\$aRESET-LEV$b50$c20140302$lBLL01$h2356
=CAT  \\$aW2011-1472$b00$c20201127$lBLL01$h1817
=CAT  \\$aRESET-LEV$b50$c20201127$lBLL01$h2244
=FIN  \\$aY
=FMT  \\$a  SE
=LAS  \\$aRESET-LEV$b50$c20201127$lBLL01$h2244
=LEO  \\$aMP35.0000127675.2
=SRC  \\$aNPLv17$bbibmp35.20070831.aa
=TCO  \\$aZZZ$c008

