=LDR  03011 as a2200685u  4500
=001  013934579
=003  Uk
=005  20200417183644.0
=008  950421d18621938|||mr|p|||\\\\0\\\||eng\\
=019  n\$aNLC0028095
=019  x\$a2532550139
=040  \\$aUk$cUk
=130  0\$aMonthly Statement of Drugs, Drysalteries and other goods, in the four docks and various other London warehouses (London, England : 1862)
=245  00$aMonthly Statement of Drugs, Drysalteries and other goods, in the four docks and various other London warehouses.
=260  \\$aLondon
=336  \\$atext$2rdacontent
=337  \\$aunmediated$2rdamedia
=338  \\$avolume$2rdacarrier
=852  \\$aBritish Library$bNPL$cLON
=852  41$31896$aBritish Library$bNPL$cLON$jLD40$xBound with the Sunday Times
=852  41$aBritish Library$bNPL$jNEWS shelfmarks - see explore.bl.uk for full holdings
=852  41$aBritish Library$bHMNTS$zMicroform.$jMFM shelfmarks - see explore.bl.uk for full holdings
=852  41$31862-1869$aBritish Library$bHMNTS$z2 Jan 1862-2 Feb 1869$jLOU.LON 21 [1862]
=852  41$31904$aBritish Library$bHMNTS$jLOU.LON 1056 [1904]
=852  41$31905$aBritish Library$bHMNTS$jLOU.LON 283 [1905]
=852  41$31906$aBritish Library$bHMNTS$jLOU.LON 221 [1906]
=852  41$31907$aBritish Library$bHMNTS$jLOU.LON 560 [1907]
=852  41$31908$aBritish Library$bHMNTS$jLOU.LON 417 [1908]
=852  41$31909$aBritish Library$bHMNTS$jLOU.LON 154 [1909]
=852  41$31911$aBritish Library$bHMNTS$jLOU.LON 155 [1911]
=852  41$31913$aBritish Library$bHMNTS$jLOU.LON 141 [1913]
=852  41$31915$aBritish Library$bHMNTS$jLOU.LON 328 [1915]
=852  41$31920$aBritish Library$bHMNTS$jLOU.LON 138A [1920]
=852  41$31925$aBritish Library$bHMNTS$jLOU.LON 485 [1925]
=852  41$31935$aBritish Library$bHMNTS$jLOU.LON 803 [1935]
=852  41$31937$aBritish Library$bHMNTS$jLOU.LON 395 [1937]
=852  41$31938$aBritish Library$bHMNTS$jLOU.LON 824 [1938]
=866  \0$a2 Jan.1862 - 2 Feb.1869; 2 Jan.1904 - 1 Dec.1938.
=985  \\$aUpgraded by BSS-generated file for WR1910-0531
=CAT  \\$aBATCH-NPL$b00$c20070912$lBLL01$h1155
=CAT  \\$aBATCH$b00$c20070916$lBLL01$h1831
=CAT  \\$aB-BSS-DEL$b00$c20080331$lBLL01$h1550
=CAT  \\$aNPL-008-P$c20110504$lBLL01$h2112
=CAT  \\$aBATCH-UPD$b00$c20110714$lBLL01$h1616
=CAT  \\$a10969$b40$c20120719$lBLL01$h1706
=CAT  \\$aNPL-LOCK$b77$c20140207$lBLL01$h2213
=CAT  \\$c20140214$lBLL01$h1750
=CAT  \\$aNSB-MIG$b50$c20140215$lBLL01$h0202
=CAT  \\$aNSB-MIG$b50$c20140215$lBLL01$h0203
=CAT  \\$aRESET-LEV$b50$c20140302$lBLL01$h2356
=CAT  \\$aW1910-0531$b00$c20200417$lBLL01$h1836
=CAT  \\$aRESET-LEV$b50$c20200417$lBLL01$h2242
=FIN  \\$aY
=FMT  \\$a  SE
=LAS  \\$aRESET-LEV$b50$c20200417$lBLL01$h2242
=LEO  \\$aMP35.0000127683
=LEO  \\$aMP1.0003034434
=SRC  \\$aNPLv17$bbibmp35.20070831.aa
=SRC  \\$aBLS01$bbibmp1.200404.2.ad
=TCO  \\$aZZZ$c008

