=LDR  02275 as a2200589 i 4500
=001  013941949
=003  Uk
=005  20131112160534.0
=008  950421d19531987bw\|||n|a|\\\\0\\\||bel\d
=019  n\$aNLC0038775
=040  \\$aUk$beng$cUk$erda
=042  \\$aukblsr
=082  04$a077.86$222
=245  00$6880-01$aZvi︠a︡zda :$bOrhan Tsėntralʹnaha kamiteta Kamunistychnaĭ partyi Belarusi.
=264  \1$aMinsk:$c1953-.
=336  \\$atext$2rdacontent
=337  \\$aunmediated$2rdamedia
=337  \\$amicroform$2rdamedia
=338  \\$avolume$2rdacarrier
=338  \\$amicrofilm reel$2rdacarrier
=500  \\$aIn Cyrillic.
=500  \\$aMicrofilm.
=610  20$aKamunistychnai︠a︡ partyi︠a︡ Belarusi$vNewspapers.
=650  \0$aBelarusian periodicals
=651  \0$aBelarus$vNewspapers.
=651  \0$aMinsk (Belarus)$vNewspapers.
=752  \\$aBelarus$dMinsk.$2blnpn
=852  41$31969-1970$aBritish Library$bNPL$jNEWS15862
=852  41$31953, 1955, 1967-1968, 1975, 1978, 1980-1987$aBritish Library$bHMNTS$zMicroform.$jMFM.MF1286T
=852  41$31981$aBritish Library$bHMNTS$zMicroform.
=866  \0$aNewspapers :no.10035, etc. (6 Jan.1953; 28 Sept.1955; 1 Jan.1967-20 Jan.1970; 2 Jan.-30 Dec.1975; 2 Jan.-30 Dec.1978; 1 Jan.-31 Dec.1980; 1 Jan. 1981-Dec 1981; Jan. 1982 - Dec. 1987)
=880  1\$6245-01$aЗвязда:$bОрган Цэнтральнага камiтэта Камунiстычнай партыi Беларусi
=CAT  \\$aBATCH-NPL$b00$c20070912$lBLL01$h1158
=CAT  \\$aBATCH$b00$c20070916$lBLL01$h1837
=CAT  \\$aNPL-008-N$c20110504$lBLL01$h2226
=CAT  \\$aADD-NID$b00$c20110805$lBLL01$h1430
=CAT  \\$aWR11_021$c20111124$lBLL01$h1529
=CAT  \\$aWR11_021$c20111124$lBLL01$h1535
=CAT  \\$a13427$b40$c20131024$lBLL01$h1631
=CAT  \\$a13427$b40$c20131024$lBLL01$h1632
=CAT  \\$a11853$b40$c20131112$lBLL01$h1556
=CAT  \\$a11853$b40$c20131112$lBLL01$h1557
=CAT  \\$a11853$b40$c20131112$lBLL01$h1605
=CAT  \\$aNPL-LOCK$b77$c20140207$lBLL01$h2216
=CAT  \\$c20140214$lBLL01$h1746
=FIN  \\$aY
=FMT  \\$a  SE
=LAS  \\$c20140214$lBLL01$h1746
=LEO  \\$aMP35.0000138129
=NID  \\$aNID0032240
=SRC  \\$aNPLv17$bbibmp35.20070831.aa
=TCO  \\$aZZZ$c008

