=LDR  02250 as a2200601u  4500
=001  013943600
=003  Uk
=005  20201127181751.0
=008  950421d19281937||||||n|||\\\\0\\\||eng\\
=019  n\$aNLC0016885
=040  \\$aUk$cUk
=082  04$a072.821$222
=245  00$aSheffield Independent Budget.
=336  \\$atext$2rdacontent
=337  \\$aunmediated$2rdamedia
=338  \\$avolume$2rdacarrier
=651  \0$aSheffield (England)$vNewspapers.
=651  \0$aSouth Yorkshire (England)$vNewspapers.
=752  \\$aEngland$bSouth Yorkshire$dSheffield.$2blnpn
=780  00$tSheffield Independent Christmas Budget$g1922-1927$w013907849
=852  \\$aBritish Library$bNPL$cEW
=852  \\$aBritish Library$bNPL$cEW
=852  \\$aBritish Library$bNPL$cEW
=852  \\$aBritish Library$bNPL$cEW
=852  \\$aBritish Library$bNPL$cEW
=852  41$aBritish Library$bNPL$jNEWS shelfmarks - see explore.bl.uk for full holdings
=852  41$aBritish Library$bHMNTS$zMicroform.$jMFM shelfmarks - see explore.bl.uk for full holdings
=866  \0$aNewspapers :1928-1937.
=883  0\$aLanguage codes assigned by Bayesian analysis of words present in record$d20201028$qUk$c0.9010
=985  \\$aDisaggregated Record: NPL
=985  \\$aUpgraded by BSS-generated file for WR2011-1472
=CAT  \\$aBATCH-NPL$b00$c20070914$lBLL01$h0207
=CAT  \\$aBATCH-LINK$b00$c20070915$lBLL01$h0509
=CAT  \\$aBATCH$b00$c20070916$lBLL01$h1838
=CAT  \\$aB-BSS-DEL$b00$c20080331$lBLL01$h1551
=CAT  \\$aNPL-008-N$c20110504$lBLL01$h2227
=CAT  \\$aADD-NID$b00$c20110805$lBLL01$h1430
=CAT  \\$aWR11_021$c20111124$lBLL01$h1529
=CAT  \\$aWR11_021$c20111124$lBLL01$h1535
=CAT  \\$aNPL-LOCK$b77$c20140207$lBLL01$h2217
=CAT  \\$c20140214$lBLL01$h1746
=CAT  \\$aNSB-MIG$b50$c20140215$lBLL01$h0144
=CAT  \\$aNSB-MIG$b50$c20140215$lBLL01$h0145
=CAT  \\$aRESET-LEV$b50$c20140302$lBLL01$h2356
=CAT  \\$aW2011-1472$b00$c20201127$lBLL01$h1817
=CAT  \\$aRESET-LEV$b50$c20201127$lBLL01$h2245
=FIN  \\$aY
=FMT  \\$a  SE
=LAS  \\$aRESET-LEV$b50$c20201127$lBLL01$h2245
=LEO  \\$aMP35.0000116596.2
=NID  \\$aNID0032651
=SRC  \\$aNPLv17$bbibmp35.20070831.aa
=TCO  \\$aZZZ$c008

