=LDR  04594cas a2201057u  4500
=001  013943679
=003  Uk
=005  20201026140250.0
=008  950421d18241982|||wr|n|||\\\\0\\\||eng\\
=FMT  \\$a  SE
=019  n\$aNLC0014829
=040  \\$aUk$cUk
=082  04$a072.234$222
=245  04$aThe Kent Herald.
=336  \\$atext$2rdacontent
=337  \\$aunmediated$2rdamedia
=338  \\$avolume$2rdacarrier
=500  \\$aDiscontinued.
=500  \\$aWanting 8 July 1802; 21 April, 19 May, 7 July, 1,8 Sept., 13,27 Oct.1803; Jan.-Dec.1910; Jan., Oct.-Dec.1911.
=500  \\$aMicrofilm: Feb.-Sept.1911.
=651  \0$aCanterbury (England)$vNewspapers.
=651  \0$aKent (England)$vNewspapers.
=752  \\$aEngland$bKent$dCanterbury.$2blnpn
=780  00$tKent Herald, Weekly Advertiser and County Express$gno.1126-1146 (1 Jan. - 20 May 1824)$w013905476
=866  \0$aNewspapers :no.1147, etc (27 May 1824 - 5 Oct.1982)
=883  0\$aLanguage codes assigned by Bayesian analysis of words present in record$d20200826$qUk$c0.9919
=852  41$31871$aBritish Library$bNPL$cEW$j507 [1871]
=852  41$31880$aBritish Library$bNPL$cEW$j126 [1880]
=852  41$31889$aBritish Library$bNPL$cEW$j5 [1889]
=852  41$31967$aBritish Library$bNPL$j1771 [1967]
=852  41$31964$aBritish Library$bNPL$j1460 [1964]
=852  41$31966$aBritish Library$bNPL$j2336 [1966]
=852  41$31894$aBritish Library$bNPL$cEW$j1065 [1894]
=852  41$31859$aBritish Library$bNPL$cEW$j646 [1859]
=852  41$31859$aBritish Library$bNPL$cEW$j646 [1859]
=852  41$31880$aBritish Library$bNPL$cEW$j465 [1880]
=852  41$31910; Missing$aBritish Library$bNPL$cEW$j3032 [1910]
=852  41$31859$aBritish Library$bNPL$cEW$j646 [1859]
=852  41$31897$aBritish Library$bNPL$cEW$j483 [1897]
=852  41$31856$aBritish Library$bNPL$cEW$j16 [1856]
=852  41$31861$aBritish Library$bNPL$cEW$j1116 [1861]
=852  41$31859$aBritish Library$bNPL$cEW$j646 [1859]
=852  41$31859$aBritish Library$bNPL$cEW$j646 [1859]
=852  \\$aBritish Library$bNPL$cEW
=852  \\$aBritish Library$bNPL$cEW
=852  \\$aBritish Library$bNPL$cEW
=852  \\$aBritish Library$bNPL$cEW
=852  \\$aBritish Library$bNPL$cEW
=852  \\$aBritish Library$bNPL$cEW
=852  41$31879$aBritish Library$bNPL$cEW$j246 [1879]
=852  41$31879$aBritish Library$bNPL$cEW$j246 [1879]
=852  41$31879$aBritish Library$bNPL$cEW$j246 [1879]
=852  41$31875$aBritish Library$bNPL$cEW$j303 [1875]
=852  41$aBritish Library$bNPL$jNEWS shelfmarks - see explore.bl.uk for full holdings
=852  41$aBritish Library$bHMNTS$zMicroform.$jMFM shelfmarks - see explore.bl.uk for full holdings
=852  41$aBritish Library$bNPL$zOnly 1725-1728, 1730-1736, 1738-1739, 1741-1742, 1746, 1748-1801$jPENN shelfmarks - see explore.bl.uk for full holdings
=985  \\$aDisaggregated Record: NPL
=985  \\$aUpgraded by BSS-generated file for WR2009-0365
=CAT  \\$aBATCH-NPL$b00$c20070914$lBLL01$h0207
=CAT  \\$aRESET-LEV$b50$c20210902$lBLL01$h2129
=CAT  \\$aRESET-LEV$b50$c20211002$lBLL01$h1730
=CAT  \\$aRESET-LEV$b50$c20211102$lBLL01$h0308
=CAT  \\$aRESET-LEV$b50$c20211202$lBLL01$h2125
=CAT  \\$aRESET-LEV$b50$c20220103$lBLL01$h0036
=CAT  \\$aRESET-LEV$b50$c20220202$lBLL01$h0140
=CAT  \\$aRESET-LEV$b50$c20220302$lBLL01$h0057
=CAT  \\$aRESET-LEV$b50$c20220402$lBLL01$h1729
=CAT  \\$aRESET-LEV$b50$c20220502$lBLL01$h0243
=CAT  \\$aRESET-LEV$b50$c20220602$lBLL01$h2128
=CAT  \\$aRESET-LEV$b50$c20220702$lBLL01$h1730
=CAT  \\$aRESET-LEV$b50$c20220802$lBLL01$h0355
=CAT  \\$aRESET-LEV$b50$c20220902$lBLL01$h2223
=CAT  \\$aRESET-LEV$b50$c20221003$lBLL01$h0416
=CAT  \\$aRESET-LEV$b50$c20221102$lBLL01$h0235
=CAT  \\$aRESET-LEV$b50$c20221202$lBLL01$h2227
=CAT  \\$aRESET-LEV$b50$c20230102$lBLL01$h0305
=CAT  \\$aRESET-LEV$b50$c20230202$lBLL01$h2129
=CAT  \\$aRESET-LEV$b50$c20230302$lBLL01$h2138
=CAT  \\$aRESET-LEV$b50$c20230403$lBLL01$h0243
=CAT  \\$aRESET-LEV$b50$c20230502$lBLL01$h0326
=CAT  \\$aRESET-LEV$b50$c20230602$lBLL01$h2229
=CAT  \\$aRESET-LEV$b50$c20230703$lBLL01$h0510
=CAT  \\$aRESET-LEV$b50$c20230802$lBLL01$h0212
=CAT  \\$aRESET-LEV$b50$c20230902$lBLL01$h1746
=CAT  \\$aRESET-LEV$b50$c20231002$lBLL01$h0448
=FIN  \\$aY
=LEO  \\$aMP35.0000114572.3
=NID  \\$aNID0032710
=SRC  \\$aNPLv17$bbibmp35.20070831.aa
=TCO  \\$aZZZ$c008
=LAS  \\$aRESET-LEV$b50$c20231002$lBLL01$h0448

