=LDR  02707cas a22007097a 4500
=001  013943692
=003  Uk
=005  20110114105040.0
=008  950421d18801919enkuu\n\\\\\\\0\\\a0eng\\
=FMT  \\$a  SE
=019  n\$aNLC0018950
=040  \\$aUk$cUk$dUk
=082  04$a072.191$222
=245  04$aThe Norwood review and Crystal Palace reporter.
=246  30$aNorwood review
=336  \\$atext$2rdacontent
=337  \\$aunmediated$2rdamedia
=338  \\$avolume$2rdacarrier
=500  \\$aDiscontinued,.
=651  \0$aCroydon (London, England)$vNewspapers.
=752  \\$aEngland$dLondon$fCroydon.$2blnpn
=866  \0$aNewspapers :no.1-2054 (17 Jan.1880 - 7 June 1919)
=852  \\$aBritish Library$bNPL$cEW
=852  41$31871$aBritish Library$bNPL$cEW$j507 [1871]
=852  41$31877$aBritish Library$bNPL$cEW$j218 [1877]
=852  41$aBritish Library$bNPL$jNEWS shelfmarks - see explore.bl.uk for full holdings
=852  41$aBritish Library$bHMNTS$zMicroform.$jMFM shelfmarks - see explore.bl.uk for full holdings
=CAT  \\$aBATCH-NPL$b00$c20070914$lBLL01$h0207
=CAT  \\$aRESET-LEV$b50$c20210902$lBLL01$h2129
=CAT  \\$aRESET-LEV$b50$c20211002$lBLL01$h1730
=CAT  \\$aRESET-LEV$b50$c20211102$lBLL01$h0308
=CAT  \\$aRESET-LEV$b50$c20211202$lBLL01$h2125
=CAT  \\$aRESET-LEV$b50$c20220103$lBLL01$h0036
=CAT  \\$aRESET-LEV$b50$c20220202$lBLL01$h0140
=CAT  \\$aRESET-LEV$b50$c20220302$lBLL01$h0057
=CAT  \\$aRESET-LEV$b50$c20220402$lBLL01$h1729
=CAT  \\$aRESET-LEV$b50$c20220502$lBLL01$h0243
=CAT  \\$aRESET-LEV$b50$c20220602$lBLL01$h2128
=CAT  \\$aRESET-LEV$b50$c20220702$lBLL01$h1730
=CAT  \\$aRESET-LEV$b50$c20220802$lBLL01$h0355
=CAT  \\$aRESET-LEV$b50$c20220902$lBLL01$h2224
=CAT  \\$aRESET-LEV$b50$c20221003$lBLL01$h0416
=CAT  \\$aRESET-LEV$b50$c20221102$lBLL01$h0235
=CAT  \\$aRESET-LEV$b50$c20221202$lBLL01$h2227
=CAT  \\$aRESET-LEV$b50$c20230102$lBLL01$h0305
=CAT  \\$aRESET-LEV$b50$c20230202$lBLL01$h2129
=CAT  \\$aRESET-LEV$b50$c20230302$lBLL01$h2138
=CAT  \\$aRESET-LEV$b50$c20230403$lBLL01$h0243
=CAT  \\$aRESET-LEV$b50$c20230502$lBLL01$h0326
=CAT  \\$aRESET-LEV$b50$c20230602$lBLL01$h2229
=CAT  \\$aRESET-LEV$b50$c20230703$lBLL01$h0510
=CAT  \\$aRESET-LEV$b50$c20230802$lBLL01$h0212
=CAT  \\$aRESET-LEV$b50$c20230902$lBLL01$h1746
=CAT  \\$aRESET-LEV$b50$c20231002$lBLL01$h0448
=FIN  \\$aY
=LEO  \\$aTC.57850
=LEO  \\$aMP35.0000118630
=NID  \\$aNID0032718
=SRC  \\$aNPLv17$bbibtc.20070831.aa
=SRC  \\$aNPLv17$bbibmp35.20070831.aa
=TCO  \\$aCLA$bCLA$c008
=LAS  \\$aRESET-LEV$b50$c20231002$lBLL01$h0448

