=LDR  02193aas a22005897a 4500
=001  013943751
=003  Uk
=005  20100720121140.0
=007  hd\afa015bacu
=008  950421d19041998stkwr\nea\\\\\0\\\a0eng\\
=019  n\$aNLC0001039
=022  1\$y1462-3382
=040  \\$aUk$beng$cUk$dUk
=082  04$a072.911$222
=245  04$aThe Weekly News$h[microform].
=260  3\$aGlasgow :$bD.C. Thomson & Co.
=310  \\$aWeekly
=336  \\$atext$2rdacontent
=337  \\$amicroform$2rdamedia
=338  \\$amicrofilm reel$2rdacarrier
=500  \\$aPublished in Glasgow and Dundee (1986-).
=533  \\$aMicrofilm.$bLondon :$cBritish Library,$e35 mm.
=651  \0$aScotland$vNewspapers.
=752  \\$aScotland$bTayside$dDundee.$2blnpn
=780  00$tDundee Weekly News.$bTown/City ed.
=785  00$tScotland's Weekly News
=852  41$aBritish Library$bHMNTS$zMicroform.$31904-1950, 1986 onward
=852  41$aBritish Library$bHMNTS$zMicroform.$jMFM shelfmarks - see explore.bl.uk for full holdings
=985  \\$aDisaggregated Record: NPL
=985  \\$aOriginal NPL record upgraded and used for microfilm, not seen for cataloguing.
=CAT  \\$aBATCH-NPL$b00$c20070914$lBLL01$h0207
=CAT  \\$aBATCH-LINK$b00$c20070915$lBLL01$h0509
=CAT  \\$aBATCH-LINK$b00$c20070915$lBLL01$h0515
=CAT  \\$aBATCH-LINK$b00$c20070915$lBLL01$h0525
=CAT  \\$aBATCH$b00$c20070916$lBLL01$h1839
=CAT  \\$aBSS-Missed$c20080331$lBLL01$h1621
=CAT  \\$a8128$b40$c20100719$lBLL01$h1628
=CAT  \\$a8128$b40$c20100719$lBLL01$h1635
=CAT  \\$a8128$b40$c20100720$lBLL01$h1211
=CAT  \\$aNPL-008-N$c20110504$lBLL01$h2227
=CAT  \\$aADD-NID$b00$c20110805$lBLL01$h1430
=CAT  \\$aNPL-LOCK$b77$c20140207$lBLL01$h2217
=CAT  \\$aNPL-UNLOCK$b00$c20140216$lBLL01$h0849
=FIN  \\$aY
=FMT  \\$a  SE
=LAS  \\$aNPL-UNLOCK$b00$c20140216$lBLL01$h0849
=LEO  \\$aMP35.0000101012.3
=LKR  \\$aPAR$lBLL01$r78500$nScotland's Weekly News$b013891896$mThe Weekly News
=LKR  \\$aPAR$b015604939$lBLL01$nWeekly news (Print)$mWeekly news (Microfilm)$r776
=NID  \\$aNID0001111
=SRC  \\$aNPLv17$bbibmp35.20070831.aa
=TCO  \\$aCLA$bCLA$c008

