=LDR  02971aas a2200685 a 4500
=001  013943836
=003  Uk
=005  20180605100757.0
=007  hd\afa015bacu
=008  950421d188020uunikcr\nea\\\\\0\\\a0eng\\
=019  n\$aNLC0000500
=022  1\$a0307-6172
=040  \\$aUk$beng$cUk$dUk
=042  \\$aukblsr
=082  04$a072.9162$222
=222  \0$aDerry journal
=245  04$aThe Derry journal$h[microform].
=260  \\$aLondonderry :$bDerry Journal,$c1880-
=260  3\$aDerry :$bDerry Journal Newspapers
=300  \\$bill., ports.
=310  \\$aSemiweekly, published on Tuesdays and Fridays
=321  \\$aWeekly
=336  \\$atext$2rdacontent
=337  \\$amicroform$2rdamedia
=338  \\$amicrofilm reel$2rdacarrier
=362  0\$a22 Mar. 1880-
=500  \\$aDescription based on: Nov. 3, 2009 issue.
=500  \\$aLatest issue consulted: Nov. 6, 2009.
=533  \\$aMicrofilm.$bLondon :$cBritish Library.$e35 mm.$m1880-1950; 1970-1971; 1973; 1978-2009.
=651  \0$aDerry (Northern Ireland)$vNewspapers.
=651  \0$aLondonderry (Northern Ireland : County)$vNewspapers.
=780  00$tLondonderry journal and Donegal and Tyrone advertiser
=785  00$tDerry journal$bCity edition$x2399-9896
=785  01$tDerry journal$bCounty edition
=852  41$aBritish Library$bHMNTS$zMicroform.$322 March 1880-***Microfilm holdings only. Some issues are held in print only. See separate record for print holdings
=852  41$aBritish Library$bHMNTS$z-Dec 2009$zMicroform.$jMFM shelfmarks - see explore.bl.uk for full holdings
=866  \\$aNewspapers: 22 Mar. 1880-Dec. 2009; Microfilm holdings only. Some issues are held in print only. See separate record for print holdings.
=985  \\$aPublished as a tabloid on Tuesdays and as a broadsheet on Fridays - two lines on list. Single record created, no edition statements and editions are stored and filmed together.
=985  \\$aThis record has been designated as the "microfilm" version, but no attempt has been made to separate the many print and microfilm holdings attached here.
=985  \\$aDisaggregated Record: NPL
=CAT  \\$aBATCH-NPL$b00$c20070914$lBLL01$h0207
=CAT  \\$aBATCH-LINK$b00$c20070915$lBLL01$h0509
=CAT  \\$aBATCH$b00$c20070916$lBLL01$h1839
=CAT  \\$aBSS-Missed$c20080331$lBLL01$h1621
=CAT  \\$a8128$b40$c20091229$lBLL01$h1634
=CAT  \\$a8128$b40$c20091229$lBLL01$h1702
=CAT  \\$aNPL-008-N$c20110504$lBLL01$h2227
=CAT  \\$aADD-NID$b00$c20110805$lBLL01$h1430
=CAT  \\$aNPL-LOCK$b77$c20140207$lBLL01$h2217
=CAT  \\$aNPL-UNLOCK$b00$c20140216$lBLL01$h0849
=CAT  \\$a8323$b40$c20180605$lBLL01$h0955
=CAT  \\$a8323$b40$c20180605$lBLL01$h0957
=CAT  \\$a8323$b40$c20180605$lBLL01$h1007
=FIN  \\$aY
=FMT  \\$a  SE
=LAS  \\$a8323$b40$c20180605$lBLL01$h1007
=LEO  \\$aMP35.0000100486.1
=NID  \\$aNID0000197
=SRC  \\$aNPLv17$bbibmp35.20070831.aa
=TCO  \\$aCLA$bCLA$c008

