=LDR  00781 am a22002653  4500
=001  013982449
=003  Uk
=005  20070922130710.0
=008  070412s1973\\\\|||||||\\\\\\\|||\||eng\\
=040  \\$aUk$beng$cUk
=100  1\$aWieder, Sol.
=245  10$aFoundations of Quantum Theory.
=260  \\$a[S.l.] :$bAcademic,$c1973.
=336  \\$atext$2rdacontent
=337  \\$aunmediated$2rdamedia
=338  \\$avolume$2rdacarrier
=852  4\$aBritish Library$bDSC$j73/20683$x1/11/90 missing
=852  4\$aBritish Library$bDSC$x3 copies
=CAT  \\$aUCB-NEWU$b00$c20070922$lBLL01$h1307
=CAT  \\$aBATCH$b00$c20070922$lBLL01$h1715
=CAT  \\$aBATCH$b00$c20071106$lBLL01$h0119
=FIN  \\$aY$d20071101
=FMT  \\$a  BK
=LAS  \\$aBATCH$b00$c20071106$lBLL01$h0119
=SRC  \\$aUCB 2007

