=LDR  01107 am a22003133  4500
=001  014024781
=003  Uk
=005  20070926152027.0
=008  060510s1964\\\\enk||||\\\\\\\|||\||eng\\
=040  \\$aUk$beng$cUk
=100  1\$aCarr, Edward Hallett,$d1892-1982.
=245  10$aWhat is history? :$bthe George Macaulay Trevelyan lectures delivered in the University of Cambridge January-March 1961.
=260  \\$aHarmondsworth, Middx. :$bPenguin Books,$c1964.
=336  \\$atext$2rdacontent
=337  \\$aunmediated$2rdamedia
=338  \\$avolume$2rdacarrier
=490  0\$aPelican Books ;$vA652
=852  4\$aBritish Library$bDSC$jW22/4816$iA652$xMissing
=852  4\$aBritish Library$bDSC$xLost
=985  \\$aEnhanced by MS generated file for WR# 12/139
=CAT  \\$aUCB-NEWU$b00$c20070926$lBLL01$h1520
=CAT  \\$aBATCH$b00$c20070926$lBLL01$h1956
=CAT  \\$aBATCH$b00$c20071120$lBLL01$h1142
=CAT  \\$a5194$b40$c20080307$lBLL01$h1156
=CAT  \\$aWR12.139$b00$c20130430$lBLL01$h1801
=FIN  \\$aY$d20071101
=FMT  \\$a  BK
=LAS  \\$aWR12.139$b00$c20130430$lBLL01$h1801
=SRC  \\$aUCB 2007

