=LDR  00927 am a22002893  4500
=001  014028825
=003  Uk
=005  20070926152218.0
=008  060523s1969\\\\enk||||\\\\\\\|||\||eng\\
=040  \\$aUk$beng$cUk
=100  1\$aChanarin, I.
=245  10$aMegaloblastic Anaemias.
=260  \\$aOxford :$bBlackwell Scientific Publications,$c1969.
=336  \\$atext$2rdacontent
=337  \\$aunmediated$2rdamedia
=338  \\$avolume$2rdacarrier
=852  4\$aBritish Library$bDSC$jW43/2703$xLost 14/8/2000
=852  4\$aBritish Library$bDSC$xHeavily used 2 copies
=985  \\$aEnhanced by MS generated file for WR# 12/139
=CAT  \\$aUCB-NEWU$b00$c20070926$lBLL01$h1522
=CAT  \\$aBATCH$b00$c20070926$lBLL01$h1958
=CAT  \\$aBATCH$b00$c20071120$lBLL01$h1513
=CAT  \\$aWR12.139$b00$c20130508$lBLL01$h1804
=FIN  \\$aY$d20071101
=FMT  \\$a  BK
=LAS  \\$aWR12.139$b00$c20130508$lBLL01$h1804
=SRC  \\$aUCB 2007

