=LDR  00850 am a22002773  4500
=001  014032086
=003  Uk
=005  20070926152400.0
=008  060526s1973\\\\|||||||\\\\\\\|||\||eng\\
=040  \\$aUk$beng$cUk
=245  00$aMicrobial safety of fishery products.
=260  \\$a[S.l.] :$bAcademic Press,$c1973.
=336  \\$atext$2rdacontent
=337  \\$aunmediated$2rdamedia
=338  \\$avolume$2rdacarrier
=700  1\$aChichester, C. O.,$eeditor.
=700  1\$aGraham, H. D.,$eeditor.
=852  4\$aBritish Library$bDSC$j73/21192$xMissing 24.8.92
=852  4\$aBritish Library$bDSC$x2 copies.
=CAT  \\$aUCB-NEWU$b00$c20070926$lBLL01$h1524
=CAT  \\$aBATCH$b00$c20070926$lBLL01$h2000
=CAT  \\$aBATCH$b00$c20071120$lBLL01$h1515
=FIN  \\$aY$d20071101
=FMT  \\$a  BK
=LAS  \\$aBATCH$b00$c20071120$lBLL01$h1515
=SRC  \\$aUCB 2007

