=LDR  01332 am a2200385 a 4500
=001  014099167
=003  Uk
=005  20080730112442.0
=008  071015s2006\\\\enkab\\\\\\\\\001\0\eng\\
=015  \\$aGBA894984$2bnb
=016  7\$a014099167$2Uk
=040  \\$aUk$beng$cUk
=042  \\$aukblsr
=082  04$a388.40942313$222
=110  1\$aSwindon (Wiltshire, England).$bBorough Council.
=245  10$aLocal transport plan, 2006 to 2011.
=260  \\$a[Swindon] :$bSwindon Borough Council,$c2006.
=300  \\$a2 v. :$bill. (some col.), maps (some col.) ;$c30 cm. +$e3 col. maps in plastic wallet.
=336  \\$atext$2rdacontent
=337  \\$aunmediated$2rdamedia
=338  \\$avolume$2rdacarrier
=500  \\$aIncludes index.
=505  0\$aLocal transport plan -- Appendices.
=650  \0$aTransportation$zEngland$zSwindon$xPlanning.
=650  \0$aHighway planning$zEngland$zSwindon.
=650  \0$aLocal transit$zEngland$zSwindon$xPlanning.
=852  41$aBritish Library$bHMNTS$iappendices
=852  41$aBritish Library$bHMNTS$jOPA.2008.x.450
=CAT  \\$a12271$b40$c20071015$lBLL01$h1643
=CAT  \\$a11250$b40$c20080730$lBLL01$h1117
=CAT  \\$a11250$b40$c20080730$lBLL01$h1124
=CAT  \\$aWR16_021$c20160618$lBLL01$h1814
=FIN  \\$aY$d20080730
=FMT  \\$a  BK
=LAS  \\$aWR16_021$b00$c20160618$lBLL01$h1814

