=LDR  00986 am a22003253  4500
=001  014144511
=003  Uk
=005  20090807104749.0
=008  060914r19741969|||||||\\\\\\\|||\||eng\\
=020  \\$a0575001739
=040  \\$aUk$beng$cUk
=100  1\$aGrant, Joan,$d1907-1989.
=245  10$aMany lifetimes.
=260  \\$a[S.l.] :$bVictor Gollanoz,$c1969 (1974)
=336  \\$atext$2rdacontent
=337  \\$aunmediated$2rdamedia
=338  \\$avolume$2rdacarrier
=700  1\$aKelsey, Denys.
=852  4\$aBritish Library$bDSC$j75/1725$xmissing 18/2/88
=852  4\$aBritish Library$bDSC$xmsg
=CAT  \\$aUCB-NEWU$b00$c20071019$lBLL01$h1553
=CAT  \\$aBATCH$b00$c20071019$lBLL01$h2041
=CAT  \\$aBATCH$b00$c20071115$lBLL01$h0804
=CAT  \\$a8964$b40$c20080926$lBLL01$h1054
=CAT  \\$a8964$b40$c20090807$lBLL01$h1047
=CAT  \\$a9081$b40$c20150601$lBLL01$h1041
=FIN  \\$aY$d20071101
=FMT  \\$a  BK
=LAS  \\$a9081$b40$c20150601$lBLL01$h1041
=SRC  \\$aUCB 2007

