=LDR  00857 am a22002893  4500
=001  014146263
=003  Uk
=005  20071019155422.0
=008  060916s1968\\\\enk||||\\\\\\\|||\||eng\\
=040  \\$aUk$beng$cUk
=082  0\$a539.2
=100  1\$aGreenwood, N. N.
=245  10$aIonic Crystals Iattice Defects and Nonstoichiometry.
=260  \\$aLondon :$bButterworths,$c1968.
=300  \\$a202 pp.
=336  \\$atext$2rdacontent
=337  \\$aunmediated$2rdamedia
=338  \\$avolume$2rdacarrier
=852  4\$aBritish Library$bDSC$jW40/9959$xMissing 16/2/90
=852  4\$aBritish Library$bDSC$x2 copies
=CAT  \\$aUCB-NEWU$b00$c20071019$lBLL01$h1554
=CAT  \\$aBATCH$b00$c20071019$lBLL01$h2042
=CAT  \\$aBATCH$b00$c20071115$lBLL01$h0806
=FIN  \\$aY$d20071101
=FMT  \\$a  BK
=LAS  \\$aBATCH$b00$c20071115$lBLL01$h0806
=SRC  \\$aUCB 2007

