=LDR  01854 am a22005053  4500
=001  014147012
=003  Uk
=005  20071019155448.0
=008  060913s19671903ii\||||\\\\\\\|||\||eng\\
=040  \\$aUk$beng$cUk
=100  1\$aGrierson, George A.
=245  10$aLinguistic Survey of India.
=260  \\$aDelhi :$bMotilal Banarissidas,$c1967.
=300  \\$a11 vol's in 19.
=336  \\$atext$2rdacontent
=337  \\$aunmediated$2rdamedia
=338  \\$avolume$2rdacarrier
=500  \\$arepr. of 1903-28 ed.
=852  4\$aBritish Library$bDSC$jq74/33902$ivol 1
=852  4\$aBritish Library$bDSC$jq74/33903$ivol 2
=852  4\$aBritish Library$bDSC$jq74/33904$ivol 3
=852  4\$aBritish Library$bDSC$jq74/33905$ivol 4
=852  4\$aBritish Library$bDSC$jq74/33906$ivol 5
=852  4\$aBritish Library$bDSC$jq74/33907$ivol 6
=852  4\$aBritish Library$bDSC$jq74/33908$ivol 7
=852  4\$aBritish Library$bDSC$jq74/33909$ivol 8
=852  4\$aBritish Library$bDSC$jq74/33910$ivol 9
=852  4\$aBritish Library$bDSC$jq74/33911$ivol 10
=852  4\$aBritish Library$bDSC$jq74/33912$ivol 11
=852  4\$aBritish Library$bDSC$jq74/33913$ivol 12
=852  4\$aBritish Library$bDSC$jq74/33914$ivol 13
=852  4\$aBritish Library$bDSC$jq74/33915$ivol 14
=852  4\$aBritish Library$bDSC$jq74/33916$ivol 15
=852  4\$aBritish Library$bDSC$jq74/33917$ivol 16
=852  4\$aBritish Library$bDSC$jq74/33918$ivol 17
=852  4\$aBritish Library$bDSC$jq74/33919$ivol 18
=852  4\$aBritish Library$bDSC$jq74/33920$ivol 19
=852  4\$aBritish Library$bDSC$ivol 20
=CAT  \\$aUCB-NEWU$b00$c20071019$lBLL01$h1554
=CAT  \\$aBATCH$b00$c20071019$lBLL01$h2043
=CAT  \\$aBATCH$b00$c20071115$lBLL01$h0807
=FIN  \\$aY$d20071101
=FMT  \\$a  BK
=LAS  \\$aBATCH$b00$c20071115$lBLL01$h0807
=SRC  \\$aUCB 2007

