=LDR  01322 am a22003493  4500
=001  014147140
=003  Uk
=005  20071019155453.0
=007  hd|||||||||||
=008  060917s19811890pk\||||\\\\\\\|||\||eng\\
=040  \\$aUk$beng$cUk
=100  1\$aGriffin, Lepel Henry,$d1840-1908.
=245  14$aThe Punjab Cheifs :$bHistorical and Biographical Notices of the Principal Families in the Lahore and Rawalpindi Divisions of the Panjab.
=250  \\$aNew Edition /$bBringing the Histories down to date by Charles Francis Massy vols 1 and 2.
=260  \\$aLahore :$bCivil and Military Gazette Press,$c1890.
=336  \\$atext$2rdacontent
=337  \\$amicroform$2rdamedia
=338  \\$amicrofilm reel$2rdacarrier
=500  \\$aUniversity Microfilm Facsimile Reprint 1981.
=700  1\$aMassy, Charles Francis.
=852  4\$aBritish Library$bDSC$jW67/0552$ifacs 1981
=852  4\$aBritish Library$bDSC$jW67/0553$ivol 1
=852  4\$aBritish Library$bDSC$ivol 2
=CAT  \\$aUCB-NEWU$b00$c20071019$lBLL01$h1554
=CAT  \\$aBATCH$b00$c20071019$lBLL01$h2043
=CAT  \\$aBATCH$b00$c20071115$lBLL01$h0807
=CAT  \\$a5194$b40$c20161111$lBLL01$h0816
=CAT  \\$aBATCH-UPD$b40$c20161111$lBLL01$h0818
=FIN  \\$aY$d20071101
=FMT  \\$a  BK
=LAS  \\$aBATCH-UPD$b40$c20161111$lBLL01$h0818
=SRC  \\$aUCB 2007

