=LDR  02425cam a22005893  4500
=001  014153163
=003  Uk
=005  20221231215458.0
=008  060927s1967\\\\fr\||||\\\\\\\|||\||fre\\
=FMT  \\$a  BK
=040  \\$aUk$beng$cUk
=100  1\$aGrosperrin, Bernard.
=245  13$aL' influence Française et le sentiment national Française en Franche-Comté :$bde la conquête a la révolution (1674-1789).
=260  \\$aParis :$bLes Belles Lettres,$c1967.
=336  \\$atext$2rdacontent
=337  \\$aunmediated$2rdamedia
=338  \\$avolume$2rdacarrier
=490  0\$aAnnales Littéraires de l'Université de Besançon ;$v85
=490  0\$aCahiers d'Etudes Comtoises ;$v11
=540  \\$aCurrent Copyright Fee: GBP25.00$c0$5Uk
=852  4\$aBritish Library$bDSC$j0981.060000$i11
=852  4\$aBritish Library$bDSC$i85
=985  \\$aCorrected by BSS-generated file
=CAT  \\$aUCB-NEWU$b00$c20071019$lBLL01$h1558
=CAT  \\$aBATCH$b00$c20071019$lBLL01$h2047
=CAT  \\$aBATCH$b00$c20071115$lBLL01$h0812
=CAT  \\$aBLSS-CORR$b00$c20080705$lBLL01$h2203
=CAT  \\$aBATCH-CLA$b00$c20130527$lBLL01$h0114
=CAT  \\$aBATCH-CLA$c20131220$lBLL01$h2050
=CAT  \\$aIPL-CLA$c20140101$lBLL01$h0035
=CAT  \\$aBATCH-CLA$b00$c20150827$lBLL01$h0125
=CAT  \\$aBATCH-CLA$b00$c20161222$lBLL01$h1818
=CAT  \\$aIPL-CLA$c20161230$lBLL01$h2240
=CAT  \\$aBATCH-CLA$b00$c20171222$lBLL01$h2143
=CAT  \\$aIPL-CLA$c20171231$lBLL01$h1720
=CAT  \\$aBATCH-CLA$b00$c20191219$lBLL01$h1742
=CAT  \\$aIPL-CLA$c20191231$lBLL01$h1954
=CAT  \\$aR2001-1524$c20200127$lBLL01$h2029
=CAT  \\$aBATCH-CLA$b00$c20200128$lBLL01$h0428
=CAT  \\$aBATCH-CLA$b00$c20201204$lBLL01$h1548
=CAT  \\$aIPL-CLA$c20201231$lBLL01$h2237
=CAT  \\$aBATCH-CLA$b00$c20221221$lBLL01$h1859
=CAT  \\$aIPL-CLA$c20221231$lBLL01$h2154
=CFI  0\$aCurrent Copyright Fee: GBP25.00$c0$e01-jan-2023$fGBP25.00$g0$hA$5Uk
=CFI  2\$aPrevious Copyright Fee: GBP22.50$c0$e01-jan-2021$fGBP22.50$g0$hA$5Uk
=FIN  \\$aY$d20071101
=SRC  \\$aUCB 2007
=TCO  \\$aFRA$bCFC$c008
=ACF  \\$aPrevious Copyright Fee: GBP12.30$c0$e01-jan-2014$fGBP12.30$g0$hA$5Uk
=ACF  \\$aPrevious Copyright Fee: GBP15.00$c0$e01-jan-2017$fGBP15.00$g0$hA$5Uk
=ACF  \\$aPrevious Copyright Fee: GBP20.00$c0$e01-jan-2020$fGBP20.00$g0$hA$5Uk
=LAS  \\$aIPL-CLA$b00$c20221231$lBLL01$h2154

