=LDR  00968 am a22002773  4500
=001  014159877
=003  Uk
=005  20071019160156.0
=008  060929s1978\\\\rh\||||\\\\\\\|||\||eng\\
=040  \\$aUk$beng$cUk
=245  00$aDocuments on the Mexican Revolution :$bvol 3 The election of Madero, The Rise of Emiliano Zapata and the Reyes Plot in Texas parts 1 & 2.
=260  \\$aSalisbury N.C. :$bDocumentary Publications,$c1978.
=336  \\$atext$2rdacontent
=337  \\$aunmediated$2rdamedia
=338  \\$avolume$2rdacarrier
=700  1\$aHanrahan, Gene Z.,$eeditor.
=852  4\$aBritish Library$bDSC$j82/04827$ivol 1
=852  4\$aBritish Library$bDSC$j82/04828$ivol 2
=852  4\$aBritish Library$bDSC$ivol 3
=CAT  \\$aUCB-NEWU$b00$c20071019$lBLL01$h1601
=CAT  \\$aBATCH$b00$c20071019$lBLL01$h2052
=CAT  \\$aBATCH$b00$c20071115$lBLL01$h0818
=FIN  \\$aY$d20071101
=FMT  \\$a  BK
=LAS  \\$aBATCH$b00$c20071115$lBLL01$h0818
=SRC  \\$aUCB 2007

