=LDR  00946 am a22003133  4500
=001  014163414
=003  Uk
=005  20071019160350.0
=008  060930s1972\\\\|||||||\\\\\\\|||\||eng\\
=010  \\$a68022416
=020  \\$a0674101731
=040  \\$aUk$beng$cUk
=245  00$aCatalogue of Hebrew books, supplement 1, v.1-3.
=260  \\$a[S.l.] :$bHarvard U Library//Harvard U Pr.,$c1972.
=300  \\$a03 vol.
=336  \\$atext$2rdacontent
=337  \\$aunmediated$2rdamedia
=338  \\$avolume$2rdacarrier
=710  2\$aHarvard University.$bLibrary.
=852  4\$aBritish Library$bDSC$jW12/4166$ivol.1
=852  4\$aBritish Library$bDSC$ivol.2
=852  4\$aBritish Library$bDSC$ivol.3
=CAT  \\$aUCB-NEWU$b00$c20071019$lBLL01$h1603
=CAT  \\$aBATCH$b00$c20071019$lBLL01$h2055
=CAT  \\$aBATCH$b00$c20071115$lBLL01$h0821
=FIN  \\$aY$d20071101
=FMT  \\$a  BK
=LAS  \\$aBATCH$b00$c20071115$lBLL01$h0821
=SRC  \\$aUCB 2007

