=LDR  00873 am a22003013  4500
=001  014169947
=003  Uk
=005  20071022164034.0
=008  061002s1971\\\\|||||||\\\\\\\|||\||eng\\
=010  \\$a78163003
=020  \\$a0390434957
=040  \\$aUk$beng$cUk
=245  00$aStudies in the sociology of sex.
=260  \\$a[S.l.] :$bAppleton,$c1971.
=300  \\$a01 v.
=336  \\$atext$2rdacontent
=337  \\$aunmediated$2rdamedia
=338  \\$avolume$2rdacarrier
=700  1\$aHenslin, James M.,$eeditor.
=852  4\$aBritish Library$bDSC$x2 copies
=852  4\$aBritish Library$bDSC$j75/25321$xMissing 24/11/89
=CAT  \\$aUCB-NEWU$b00$c20071022$lBLL01$h1640
=CAT  \\$aBATCH$b00$c20071022$lBLL01$h2120
=CAT  \\$aBATCH$b00$c20071119$lBLL01$h2301
=FIN  \\$aY$d20071101
=FMT  \\$a  BK
=LAS  \\$aBATCH$b00$c20071119$lBLL01$h2301
=SRC  \\$aUCB 2007

