=LDR  00846 am a22002773  4500
=001  014172719
=003  Uk
=005  20071022164216.0
=008  061003s1978\\\\|||||||\\\\\\\|||\||eng\\
=020  \\$a0883730820
=040  \\$aUk$beng$cUk
=245  00$aHigh Times Encyclopaedia of Recreational Drugs.
=260  \\$a[S.l.] :$bStonehill Pub Co.,$c1978.
=336  \\$atext$2rdacontent
=337  \\$aunmediated$2rdamedia
=338  \\$avolume$2rdacarrier
=720  \\$aHigh Times Magazine.$eEditors.
=852  4\$aBritish Library$bDSC$jD80/1734$xMsg 19.9.84
=852  4\$aBritish Library$bDSC$x1.8.85
=CAT  \\$aUCB-NEWU$b00$c20071022$lBLL01$h1642
=CAT  \\$aBATCH$b00$c20071022$lBLL01$h2122
=CAT  \\$aBATCH$b00$c20071119$lBLL01$h2302
=FIN  \\$aY$d20071101
=FMT  \\$a  BK
=LAS  \\$aBATCH$b00$c20071119$lBLL01$h2302
=SRC  \\$aUCB 2007

