=LDR  00942 am a22003013  4500
=001  014181050
=003  Uk
=005  20071022164643.0
=008  061015s1969\\\\|||||||\\\\\\\|||\||eng\\
=010  \\$a69016056
=020  \\$a0911198202
=040  \\$aUk$beng$cUk
=245  00$aThemes and directions in American literature :$bessays in honor of Leon Howard /$ced. by R. B. Browne.
=260  \\$a[S.l.] :$bPurdue U. Studies,$c1969.
=336  \\$atext$2rdacontent
=337  \\$aunmediated$2rdamedia
=338  \\$avolume$2rdacarrier
=700  1\$aHoward, Leon.
=700  1\$aBrowne, R. B.
=852  4\$aBritish Library$bDSC$jL69/2146$xmissing
=852  4\$aBritish Library$bDSC$xLost 23/11/81
=CAT  \\$aUCB-NEWU$b00$c20071022$lBLL01$h1646
=CAT  \\$aBATCH$b00$c20071022$lBLL01$h2128
=CAT  \\$aBATCH$b00$c20071119$lBLL01$h2308
=FIN  \\$aY$d20071101
=FMT  \\$a  BK
=LAS  \\$aBATCH$b00$c20071119$lBLL01$h2308
=SRC  \\$aUCB 2007

