=LDR  01489 am a2200421 a 4500
=001  014224604
=003  Uk
=005  20090615091429.0
=008  061109s1981\\\\lh\a\\\\\\\\\\000\0\eng\\
=019  a\$aG00441049
=040  \\$aUk$beng$cUk$dUk
=041  1\$aeng$hger
=082  00$a943.648$222
=130  0\$aFürstentum Liechtenstein.$lEnglish
=245  14$aThe Principality of Liechtenstein :$ba documentary handbook /$cedited by Walter Kranz ; [translated from the German by J.A. Nicholls].
=250  \\$a5th rev. and enl. ed.
=260  \\$a[Vaduz] :$bPress and Information Office of the Government of the Principality of Liechtenstein,$c1981.
=300  \\$a302 p., [10] p. of plates :$bill. ;$c22 cm.
=336  \\$atext$2rdacontent
=337  \\$aunmediated$2rdamedia
=338  \\$avolume$2rdacarrier
=500  \\$aTranslation of: Fürstentum Liechtenstein.
=500  \\$aPrevious ed.: 1978.
=504  \\$aBibliography: p. 290-302.
=651  \0$aLiechtenstein.
=700  1\$aKranz, Walter.
=852  4\$aBritish Library$bDSC$j82/19340
=852  \\$aBritish Library$bHMNTS$cSPHOA$kOPL943.64800202
=CAT  \\$aUCB-NEWU$b00$c20071025$lBLL01$h1947
=CAT  \\$aBATCH$b00$c20071026$lBLL01$h0109
=CAT  \\$aBATCH-UPD$b00$c20090101$lBLL01$h2348
=CAT  \\$a6550$b40$c20090615$lBLL01$h0914
=FIN  \\$aY$d20071101
=FMT  \\$a  BK
=LAS  \\$a6550$b40$c20090615$lBLL01$h0914
=LEO  \\$aMP8.0000185718
=SRC  \\$aUCB 2007
=SRC  \\$aDSC01$bbibmp8.200404.2.aa

