=LDR  01992cam a2200565 a 4500
=001  014235758
=003  Uk
=005  20230331165434.0
=008  071129s2008\\\\flua\\\\\b\\\\001\0\eng\\
=FMT  \\$a  BK
=010  \\$a  2007048967
=015  \\$aGBA788736$2bnb
=016  7\$a014235758$2Uk
=020  \\$a9781420053128 (cased) :$c£56.99
=020  \\$a1420053124 (cased) :$c£56.99
=040  \\$aStDuBDS$beng$cStDuBDS$dUk
=042  \\$aukblsr
=050  00$aTA418.32$b.M46 2008
=082  00$a620.112$222
=100  1\$aMenard, Kevin P.
=245  10$aDynamic mechanical analysis :$ba practical introduction /$cKevin P. Menard.
=260  \\$aBoca Raton, Fla. :$bCRC ;$aLondon :$bTaylor & Francis [distributor],$c2008.
=300  \\$axix, 218 p. :$bill. ;$c25 cm.
=336  \\$atext$2rdacontent
=337  \\$aunmediated$2rdamedia
=338  \\$avolume$2rdacarrier
=500  \\$aFormerly CIP.$5Uk
=504  \\$aIncludes bibliographical references and index.
=540  \\$aCurrent Copyright Fee: GBP34.00$c0$5Uk
=650  \0$aMaterials$xTesting.
=650  \0$aRheology.
=852  11$aBritish Library$bSTI$k620.192
=852  41$aBritish Library$bDSC$jm08/.24023
=BUF  \\$aN$d20080623
=CAT  \\$aBATCH-CIP$b00$c20071030$lBLL01$h1702
=CAT  \\$aBATCH$b00$c20071030$lBLL01$h1704
=CAT  \\$aBATCH$b00$c20071030$lBLL01$h1710
=CAT  \\$aBATCH$b00$c20080115$lBLL01$h1616
=CAT  \\$aBATCH$b00$c20080115$lBLL01$h1619
=CAT  \\$a10904$b40$c20080623$lBLL01$h1045
=CAT  \\$a12323$b40$c20080624$lBLL01$h1233
=CAT  \\$a12323$b40$c20080624$lBLL01$h1234
=CAT  \\$a12323$b40$c20080624$lBLL01$h1235
=CAT  \\$aBATCH-BUOC$b00$c20080724$lBLL01$h2148
=CAT  \\$aWR16_021$c20160618$lBLL01$h1817
=CAT  \\$aBATCH-CLAB$c20230324$lBLL01$h1403
=CAT  \\$aIPL-CLA$c20230331$lBLL01$h1654
=CFI  0\$aCurrent Copyright Fee: GBP34.00$c0$e01-apr-2023$fGBP34.00$g0$hC$5Uk
=FIN  \\$aY$d20080623
=LAS  \\$aIPL-CLA$b00$c20230331$lBLL01$h1654

