=LDR  01220cam a22003613  4500
=001  014244117
=003  Uk
=005  20221231215909.0
=008  061115s1974\\\\|||||||\\\\\\\|||\||eng\\
=FMT  \\$a  BK
=020  \\$a0716805774
=040  \\$aUk$beng$cUk
=100  1\$aLaw, S.
=245  10$aGreater London recreation study :$breport of initial results.
=260  \\$a[S.l.] :$bGLC,$c1974.
=336  \\$atext$2rdacontent
=337  \\$aunmediated$2rdamedia
=338  \\$avolume$2rdacarrier
=490  0\$aResearch Memorandum ;$v435
=540  \\$aCurrent Copyright Fee: GBP25.00$c0$5Uk
=852  4\$aBritish Library$bDSC$j7742.450000$iv. 435
=852  4\$aBritish Library$bDSC$iv. 435a
=CAT  \\$aUCB-NEWU$b00$c20071102$lBLL01$h1449
=CAT  \\$aBATCH$b00$c20071102$lBLL01$h1952
=CAT  \\$aBATCH-CLA$b00$c20210507$lBLL01$h0304
=CAT  \\$aBATCH-CLA$b00$c20221221$lBLL01$h1901
=CAT  \\$aIPL-CLA$c20221231$lBLL01$h2159
=CFI  0\$aCurrent Copyright Fee: GBP25.00$c0$e01-jan-2023$fGBP25.00$g0$hA$5Uk
=CFI  2\$aPrevious Copyright Fee: GBP22.50$c0$e01-jan-2021$fGBP22.50$g0$hA$5Uk
=FIN  \\$aY$d20071101
=SRC  \\$aUCB 2007
=TCO  \\$aZZZ$c008
=LAS  \\$aIPL-CLA$b00$c20221231$lBLL01$h2159

