=LDR  02210cam a22005413  4500
=001  014249105
=003  Uk
=005  20221231215924.0
=008  061119s1968\\\\fr\||||\\\\\\\|||\||fre\\
=FMT  \\$a  BK
=040  \\$aUk$beng$cUk
=100  1\$aLejeune, Philippe.
=245  12$aL'ombre et la lumière dans Les contemplations.
=260  \\$a[Paris] :$b[Lettres Modernes],$c[1968]
=336  \\$atext$2rdacontent
=337  \\$aunmediated$2rdamedia
=338  \\$avolume$2rdacarrier
=490  0\$aArchives des lettres modernes, 1968(12), (V) ;$vno. 96 no. 310-314
=490  0\$aArchives hugoliennes ;$v7
=540  \\$aCurrent Copyright Fee: GBP25.00$c0$5Uk
=852  41$aBritish Library$bDSC$j1637.280000$ino. 96 no. 310-314
=852  4\$aBritish Library$bDSC$i7
=CAT  \\$aUCB-NEWU$b00$c20071102$lBLL01$h1453
=CAT  \\$aBATCH$b00$c20071102$lBLL01$h1956
=CAT  \\$aBATCH-CLA$b00$c20130527$lBLL01$h0114
=CAT  \\$aBATCH-CLA$c20131220$lBLL01$h2052
=CAT  \\$aIPL-CLA$c20140101$lBLL01$h0039
=CAT  \\$aBATCH-CLA$b00$c20161222$lBLL01$h1819
=CAT  \\$aIPL-CLA$c20161230$lBLL01$h2246
=CAT  \\$aBATCH-CLA$b00$c20171222$lBLL01$h2144
=CAT  \\$aIPL-CLA$c20171231$lBLL01$h1723
=CAT  \\$aBATCH-CLA$b00$c20191219$lBLL01$h1743
=CAT  \\$aIPL-CLA$c20191231$lBLL01$h1956
=CAT  \\$aR2001-1524$c20200127$lBLL01$h2031
=CAT  \\$aBATCH-CLA$b00$c20200128$lBLL01$h0432
=CAT  \\$aBATCH-CLA$b00$c20201204$lBLL01$h1549
=CAT  \\$aIPL-CLA$c20201231$lBLL01$h2241
=CAT  \\$aBATCH-CLA$b00$c20221221$lBLL01$h1901
=CAT  \\$aIPL-CLA$c20221231$lBLL01$h2159
=CFI  0\$aCurrent Copyright Fee: GBP25.00$c0$e01-jan-2023$fGBP25.00$g0$hA$5Uk
=CFI  2\$aPrevious Copyright Fee: GBP22.50$c0$e01-jan-2021$fGBP22.50$g0$hA$5Uk
=FIN  \\$aY$d20071101
=SRC  \\$aUCB 2007
=ACF  \\$aPrevious copyright fee: GBP12.00$c0$e01-jan-2012$fGBP12.00$g0$hA$5Uk
=ACF  \\$aPrevious Copyright Fee: GBP12.30$c0$e01-jan-2014$fGBP12.30$g0$hA$5Uk
=ACF  \\$aPrevious Copyright Fee: GBP15.00$c0$e01-jan-2017$fGBP15.00$g0$hA$5Uk
=ACF  \\$aPrevious Copyright Fee: GBP20.00$c0$e01-jan-2020$fGBP20.00$g0$hA$5Uk
=LAS  \\$aIPL-CLA$b00$c20221231$lBLL01$h2159

