=LDR  01459cam a22004093  4500
=001  014250048
=003  Uk
=005  20211217010602.0
=008  061120r19821981au\||||\\\\\\\|||\||eng\\
=FMT  \\$a  BK
=019  a\$aG00235958
=040  \\$aUk$beng$cUk
=245  00$aPublic Facility Location :$bIssues and Approaches.
=260  \\$aLaxenburg, Austria :$bInternational Institute for Applied Systems Analysis,$c1982.
=336  \\$atext$2rdacontent
=337  \\$aunmediated$2rdamedia
=338  \\$avolume$2rdacarrier
=490  0\$aResearch Reports IIASA ;$vv82-83
=500  \\$aReprinted from Sistemi Urbani 3:293-470, 1981.
=540  \\$aBritish Library not licensed to copy$c0$5Uk
=700  1\$aLeonardi, Giorgio,$eeditor.
=852  4\$aBritish Library$bDSC$j7762.377000$iv82
=852  4\$aBritish Library$bDSC$iv83
=CAT  \\$aUCB-NEWU$b00$c20071102$lBLL01$h1453
=CAT  \\$aBATCH$b00$c20071102$lBLL01$h1957
=CAT  \\$aBATCH-UPD$b00$c20081208$lBLL01$h2326
=CAT  \\$a6550$b40$c20100518$lBLL01$h1252
=CAT  \\$aBATCH-CLA$b00$c20211216$lBLL01$h0104
=CAT  \\$aBATCH-UPD$b00$c20211216$lBLL01$h0107
=CAT  \\$aBATCH-CLA$b00$c20211217$lBLL01$h0106
=CFI  0\$aBritish Library not licensed to copy$c0$e01-oct-2012$hC$iCFP Excluded$5Uk
=FIN  \\$aY$d20071101
=LEO  \\$aMP8.0000068531
=SRC  \\$aUCB 2007
=SRC  \\$aDSC01$bbibmp8.200404.2.aa
=TCO  \\$aXXX$c008
=LAS  \\$aBATCH-CLA$b00$c20211217$lBLL01$h0106

