=LDR  00770 am a22002533  4500
=001  014253343
=003  Uk
=005  20071102145556.0
=008  061121s1967\\\\enk||||\\\\\\\|||\||eng\\
=040  \\$aUk$beng$cUk
=100  1\$aLiebelt, Paul B.
=245  10$aIntroduction to optimal estimation.
=260  \\$aReading :$bAddison-Wesley Publishing Co,$c1967.
=336  \\$atext$2rdacontent
=337  \\$aunmediated$2rdamedia
=338  \\$avolume$2rdacarrier
=852  4\$aBritish Library$bDSC$jW40/9028$xHeavy use duplicate 2 copies
=852  4\$aBritish Library$bDSC$xMsg
=CAT  \\$aUCB-NEWU$b00$c20071102$lBLL01$h1455
=CAT  \\$aBATCH$b00$c20071102$lBLL01$h1959
=FIN  \\$aY$d20071101
=FMT  \\$a  BK
=LAS  \\$aBATCH$b00$c20071102$lBLL01$h1959
=SRC  \\$aUCB 2007

