=LDR  00760 am a22002533  4500
=001  014299995
=003  Uk
=005  20071107155642.0
=008  070029s1969\\\\|||||||\\\\\\\|||\||eng\\
=040  \\$aUk$beng$cUk
=100  1\$aMunro, H. N.
=245  10$aMammalian protein metabolism :$bVol 3.
=260  \\$a[S.l.] :$bAcademic,$c1969.
=336  \\$atext$2rdacontent
=337  \\$aunmediated$2rdamedia
=338  \\$avolume$2rdacarrier
=852  4\$aBritish Library$bDSC$jW55/0156$xmissing 13/2/87
=852  4\$aBritish Library$bDSC$xHeavy use duplicate 2 copies
=CAT  \\$aUCB-NEWU$b00$c20071107$lBLL01$h1556
=CAT  \\$aBATCH$b00$c20071107$lBLL01$h2129
=FIN  \\$aY$d20071101
=FMT  \\$a  BK
=LAS  \\$aBATCH$b00$c20071107$lBLL01$h2129
=SRC  \\$aUCB 2007

