=LDR  00849 am a22002773  4500
=001  014328511
=003  Uk
=005  20071108153155.0
=008  070119s1964\\\\xxu||||\\\\\\\|||\||eng\\
=010  \\$a63020387
=040  \\$aUk$beng$cUk
=100  1\$aPeaslee, Budd J.
=245  10$aHeritage of valour :$bthe Eighth Air Force in World War II.
=260  \\$aPhiladelphia and N.Y. :$bLippincott,$c1964.
=336  \\$atext$2rdacontent
=337  \\$aunmediated$2rdamedia
=338  \\$avolume$2rdacarrier
=490  0\$aAirmen and aircraft
=852  4\$aBritish Library$bDSC$jL69/8021$xmissing 6/5/87
=852  4\$aBritish Library$bDSC$xmissing 20/1/89
=CAT  \\$aUCB-NEWU$b00$c20071108$lBLL01$h1531
=CAT  \\$aBATCH$b00$c20071108$lBLL01$h2051
=FIN  \\$aY$d20071101
=FMT  \\$a  BK
=LAS  \\$aBATCH$b00$c20071108$lBLL01$h2051
=SRC  \\$aUCB 2007

