=LDR  00833 am a22002893  4500
=001  014332888
=003  Uk
=005  20071108153434.0
=008  070119s1974\\\\stk||||\\\\\\\|||\||eng\\
=020  \\$a0443012431
=040  \\$aUk$beng$cUk
=100  1\$aPhillips, I.
=245  10$aInfection with non-sporing anaerobic bacteria.
=260  \\$aEdinburgh :$bChurchill-Livingstone,$c1974.
=336  \\$atext$2rdacontent
=337  \\$aunmediated$2rdamedia
=338  \\$avolume$2rdacarrier
=500  \\$aConf.
=700  1\$aSussman, M.
=852  4\$aBritish Library$bDSC$j76/24761$xmiss 92
=852  4\$aBritish Library$bDSC$x2 copies
=CAT  \\$aUCB-NEWU$b00$c20071108$lBLL01$h1534
=CAT  \\$aBATCH$b00$c20071108$lBLL01$h2054
=FIN  \\$aY$d20071101
=FMT  \\$a  BK
=LAS  \\$aBATCH$b00$c20071108$lBLL01$h2054
=SRC  \\$aUCB 2007

