=LDR  02282cam a22005533  4500
=001  014333701
=003  Uk
=005  20221231220357.0
=008  070121s1976\\\\|||||||\\\\\\\|||\||ita\\
=FMT  \\$a  BK
=040  \\$aUk$beng$cUk
=245  00$aRadio Londra 1940-1945.
=260  \\$a[S.l.] :$bMinistero Per I Beni Culturali ed Ambientali,$c1976.
=300  \\$a2 vols.
=336  \\$atext$2rdacontent
=337  \\$aunmediated$2rdamedia
=338  \\$avolume$2rdacarrier
=490  0\$aPubblicazioni Degli Archivi Di Stato ;$v89 & 90
=540  \\$aCurrent Copyright Fee: GBP25.00$c0$5Uk
=700  1\$aPiccialuti, Caprioli Maura,$eeditor.
=883  0\$aLanguage codes assigned by Bayesian analysis of words present in record$d20201028$qUk$c0.9010
=852  4\$aBritish Library$bDSC$j6946.655000$ivol 89
=852  4\$aBritish Library$bDSC$ivol 90
=985  \\$aUpgraded by BSS-generated file for WR2011-1472
=CAT  \\$aUCB-NEWU$b00$c20071108$lBLL01$h1535
=CAT  \\$aBATCH$b00$c20071108$lBLL01$h2055
=CAT  \\$aBATCH-CLA$b00$c20140810$lBLL01$h1414
=CAT  \\$aBATCH-CLA$b00$c20161222$lBLL01$h1820
=CAT  \\$aIPL-CLA$c20161230$lBLL01$h2251
=CAT  \\$aBATCH-CLA$b00$c20171222$lBLL01$h2146
=CAT  \\$aIPL-CLA$c20171231$lBLL01$h1726
=CAT  \\$aBATCH-CLA$b00$c20191219$lBLL01$h1744
=CAT  \\$aIPL-CLA$c20191231$lBLL01$h1958
=CAT  \\$aR2001-1524$c20200127$lBLL01$h2033
=CAT  \\$aBATCH-CLA$b00$c20200128$lBLL01$h0416
=CAT  \\$aW2011-1472$b00$c20201127$lBLL01$h1822
=CAT  \\$aBATCH-CLA$b00$c20201128$lBLL01$h0152
=CAT  \\$aBATCH-CLA$b00$c20201204$lBLL01$h1551
=CAT  \\$aIPL-CLA$c20201231$lBLL01$h2245
=CAT  \\$aBATCH-CLA$b00$c20221221$lBLL01$h1903
=CAT  \\$aIPL-CLA$c20221231$lBLL01$h2203
=CFI  0\$aCurrent Copyright Fee: GBP25.00$c0$e01-jan-2023$fGBP25.00$g0$hA$5Uk
=CFI  2\$aPrevious Copyright Fee: GBP22.50$c0$e01-jan-2021$fGBP22.50$g0$hA$5Uk
=FIN  \\$aY$d20071101
=SRC  \\$aUCB 2007
=ACF  \\$aPrevious Copyright Fee: GBP12.30$c0$e01-jan-2014$fGBP12.30$g0$hA$5Uk
=ACF  \\$aPrevious Copyright Fee: GBP15.00$c0$e01-jan-2017$fGBP15.00$g0$hA$5Uk
=ACF  \\$aPrevious Copyright Fee: GBP20.00$c0$e01-jan-2020$fGBP20.00$g0$hA$5Uk
=LAS  \\$aIPL-CLA$b00$c20221231$lBLL01$h2203

