=LDR  00753 am a22002653  4500
=001  014369063
=003  Uk
=005  20071115160637.0
=008  070214s1975\\\\|||||||\\\\\\\|||\||eng\\
=020  \\$a0713909625
=040  \\$aUk$beng$cUk
=100  1\$aRose, M. L.
=245  10$aIndustrial Behaviour.
=260  \\$a[S.l.] :$bPenguin Books,$c1975.
=336  \\$atext$2rdacontent
=337  \\$aunmediated$2rdamedia
=338  \\$avolume$2rdacarrier
=852  4\$aBritish Library$bDSC$j75/23891$xlost 6/4/82
=852  4\$aBritish Library$bDSC$xlost 3/9/90
=CAT  \\$aUCB-NEWU$b00$c20071115$lBLL01$h1606
=CAT  \\$aBATCH$b00$c20071115$lBLL01$h2055
=FIN  \\$aY$d20071101
=FMT  \\$a  BK
=LAS  \\$aBATCH$b00$c20071115$lBLL01$h2055
=SRC  \\$aUCB 2007

