=LDR  00989 am a22003013  4500
=001  014383160
=003  Uk
=005  20090305133341.0
=008  070222s1965\\\\enk\\\\\\\\\\\00|\0\eng\\
=040  \\$aUk$beng$cUk$dUk
=100  1\$aSchillebeeckx, Edward.
=245  10$aMarriage :$bsecular reality and saving mystery /$ctranslated by N.D. Smith.
=260  \\$aLondon :$bSheed & Ward,$c[1965]
=300  \\$a2 v.
=336  \\$atext$2rdacontent
=337  \\$aunmediated$2rdamedia
=338  \\$avolume$2rdacarrier
=505  0\$av. 1. Marriage in the Old and New Testaments -- v. 2. Marriage in the history of the church.
=700  1\$aSmith, N. D.
=852  41$aBritish Library$bDSC$jW25/5674$iv. 1
=852  41$aBritish Library$bDSC$iv. 2
=CAT  \\$aUCB-NEWU$b00$c20071116$lBLL01$h1559
=CAT  \\$aBATCH$b00$c20071116$lBLL01$h2019
=CAT  \\$a10750$b40$c20090305$lBLL01$h1333
=FIN  \\$aY$d20071101
=FMT  \\$a  BK
=LAS  \\$a10750$b40$c20090305$lBLL01$h1333
=SRC  \\$aUCB 2007

