=LDR  00882 am a22002893  4500
=001  014389174
=003  Uk
=005  20071116160321.0
=008  070226s1957\\\\|||||||\\\\\\\|||\||eng\\
=040  \\$aUk$beng$cUk
=100  1\$aSears, Robert R.
=245  10$aPatterns of child rearing.
=260  \\$a[S.l.] :$bHarper & Row,$c1957.
=336  \\$atext$2rdacontent
=337  \\$aunmediated$2rdamedia
=338  \\$avolume$2rdacarrier
=700  1\$aMaccoby, Eleanor E.,$d1917-2018.
=700  1\$aLevin, Harry.
=852  4\$aBritish Library$bDSC$jW36/4982$xmissing 5/10/88
=852  4\$aBritish Library$bDSC$xHeavy use duplicate 2 copies
=CAT  \\$aUCB-NEWU$b00$c20071116$lBLL01$h1603
=CAT  \\$aBATCH$b00$c20071116$lBLL01$h2023
=CAT  \\$a5100$b40$c20190108$lBLL01$h0852
=FIN  \\$aY$d20071101
=FMT  \\$a  BK
=LAS  \\$a5100$b40$c20190108$lBLL01$h0852
=SRC  \\$aUCB 2007

