=LDR  01125 am a22003253  4500
=001  014390858
=003  Uk
=005  20201127182243.0
=008  070226s1972\\\\|||||||\\\\\\\|||\||spa\\
=020  \\$a8742977304
=040  \\$aUk$beng$cUk
=100  1\$aSender, Ramón José,$d1901-1982.
=245  10$aRequiem Por Un Campesino Espanol.
=260  \\$a[S.l.] :$bGrafisk Forlag,$c1972.
=336  \\$atext$2rdacontent
=337  \\$aunmediated$2rdamedia
=338  \\$avolume$2rdacarrier
=852  4\$aBritish Library$bDSC$jF2/1931$xmissing 21/11/87
=852  4\$aBritish Library$bDSC$x15/10/87
=883  0\$aLanguage codes assigned by Bayesian analysis of words present in record$d20201028$qUk$c0.9010
=985  \\$aUpgraded by BSS-generated file for WR2011-1472
=CAT  \\$aUCB-NEWU$b00$c20071116$lBLL01$h1604
=CAT  \\$aBATCH$b00$c20071116$lBLL01$h2024
=CAT  \\$a11342$b40$c20120305$lBLL01$h1150
=CAT  \\$aBATCH-UPD$b40$c20120305$lBLL01$h1151
=CAT  \\$aW2011-1472$b00$c20201127$lBLL01$h1822
=FIN  \\$aY$d20071101
=FMT  \\$a  BK
=LAS  \\$aW2011-1472$b00$c20201127$lBLL01$h1822
=SRC  \\$aUCB 2007

