=LDR  01113 am a22003253  4500
=001  014395774
=003  Uk
=005  20071116160733.0
=008  070302s1967\\\\sw\||||\\\\\\\|||\||eng\\
=040  \\$aUk$beng$cUk
=100  1\$aSiegbahn, Kai,$d1918-2007.
=245  10$aESCA :$bAtomic, molecuiar and solid state structure studied by means of electron spectroscopy /$cBy K. Siegbahn, C. Nordling, A. Fahlman and others.
=260  \\$aUppsala :$bAlmqvist and Wiksells,$c1967.
=300  \\$a282 pp.
=300  \\$a239 s.
=336  \\$atext$2rdacontent
=337  \\$aunmediated$2rdamedia
=338  \\$asheet$2rdacarrier
=490  0\$aNova acta regiae societatis scientarium Upsaliensis ser.IV ;$vvol.20
=700  1\$aNordling, C.
=700  1\$aFahlman, A.
=852  4\$aBritish Library$bDSC$jWq6/2351$xMissing 14/8/81
=852  4\$aBritish Library$bDSC$x1 copy
=CAT  \\$aUCB-NEWU$b00$c20071116$lBLL01$h1607
=CAT  \\$aBATCH$b00$c20071116$lBLL01$h2027
=CAT  \\$a11306$b40$c20080924$lBLL01$h1206
=FIN  \\$aY$d20071101
=FMT  \\$a  BK
=LAS  \\$a11306$b40$c20080924$lBLL01$h1206
=SRC  \\$aUCB 2007

