=LDR  00870 am a22002773  4500
=001  014398962
=003  Uk
=005  20071116160923.0
=008  070303s1978\\\\xxu||||\\\\\\\|||\||eng\\
=040  \\$aUk$beng$cUk
=100  1\$aSkelton, Earl F.
=245  10$aHigh pressure science and technology in Japan.
=260  \\$aWashington :$b[s.n.],$c1978.
=336  \\$atext$2rdacontent
=337  \\$aunmediated$2rdamedia
=338  \\$avolume$2rdacarrier
=490  0\$aScientific monograph of the U.S. Dept. of Navy Report ;$vONRT-M1
=490  0\$aScientific Bulletin ;$v3(5)
=852  4\$aBritish Library$bDSC$j8183.800000$iONRT-M1
=852  4\$aBritish Library$bDSC$i3(5)
=CAT  \\$aUCB-NEWU$b00$c20071116$lBLL01$h1609
=CAT  \\$aBATCH$b00$c20071116$lBLL01$h2030
=FIN  \\$aY$d20071101
=FMT  \\$a  BK
=LAS  \\$aBATCH$b00$c20071116$lBLL01$h2030
=SRC  \\$aUCB 2007

