=LDR  01042cam a22003133  4500
=001  014400779
=003  Uk
=005  20220331225357.0
=008  070304s1970\\\\|||||||\\\\\\\|||\||eng\\
=FMT  \\$a  BK
=020  \\$a0306304236
=040  \\$aUk$beng$cUk
=245  00$aCurrent Trends in Cryobiology.
=260  \\$a[S.l.] :$bPlenum Press,$c1970.
=336  \\$atext$2rdacontent
=337  \\$aunmediated$2rdamedia
=338  \\$avolume$2rdacarrier
=540  \\$aBritish Library not licensed to copy$c0$5Uk
=700  1\$aSmith, Audrey U.,$eeditor.
=852  4\$aBritish Library$bDSC$jW42/2234$xmissing 18/10/90
=852  4\$aBritish Library$bDSC$xHeavy duty use 2 copies
=CAT  \\$aUCB-NEWU$b00$c20071116$lBLL01$h1610
=CAT  \\$aBATCH$b00$c20071116$lBLL01$h2031
=CAT  \\$aBATCH-CLAB$c20220330$lBLL01$h1741
=CAT  \\$aIPL-CLA$c20220331$lBLL01$h2253
=CFI  0\$aBritish Library not licensed to copy$c0$e01-apr-2022$hC$iCFP Excluded$5Uk
=FIN  \\$aY$d20071101
=SRC  \\$aUCB 2007
=LAS  \\$aIPL-CLA$b00$c20220331$lBLL01$h2253

