=LDR  01268 am a22003373  4500
=001  014444900
=003  Uk
=005  20071123161117.0
=007  hd|||||||||||
=008  061120s1775\\\\xxu||||\\\\\\\|||\||eng\\
=FMT  \\$a  BK
=040  \\$aUk$beng$cUk
=100  1\$aLeonard, Daniel,$d1740-1829.
=245  10$aMassachusettensis :$b[Letters I-XVII. To the inhabitants of the Province of Massachusetts-Bay. 12 December, 1774-3 Spril 1775].
=260  \\$a[Boston] :$b[s.n.],$c[1775]
=300  \\$a118 p. ;$c20 cm.
=336  \\$atext$2rdacontent
=337  \\$amicroform$2rdamedia
=338  \\$amicrofilm reel$2rdacarrier
=490  0\$aAmerican Culture Series, American Revolution collection ;$vreel 3:19
=500  \\$aLetters signed: Massachusettensis.
=533  \\$aMicrofilm. Ann Arbor, Mich., University Microfilms Int'l., 1976. 35 mm.
=653  0\$aU.S.-Politics and government-Revolution.
=653  0\$aMassachusetts-Politics and government-Revolution.
=852  4\$aBritish Library$bDSC$jMFR/3017 *1*$iReel 3:19
=852  4\$aBritish Library$bDSC$iReel 116:14
=CAT  \\$aUCB-NEWU$b00$c20071123$lBLL01$h1611
=CAT  \\$aBATCH$b00$c20071123$lBLL01$h2040
=FIN  \\$aY$d20071101
=SRC  \\$aUCB 2007
=LAS  \\$aBATCH$b00$c20071123$lBLL01$h2040

