=LDR  01496 am a22003493  4500
=001  014447706
=003  Uk
=005  20071123161234.0
=007  hd|||||||||||
=008  070126s1776\\\\enk||||\\\\\\\|||\||eng\\
=FMT  \\$a  BK
=040  \\$aUk$beng$cUk
=100  1\$aPrice, Richard,$d1723-1791.
=245  10$aObservations on the nature of civil liberty, the principles of government, and the justice and policy of the war with America :$bTo which is added an appendix, containing a state of the national debt, an estimate of the money drawn from the public by the taxes, and an account of the national income and expenditure since the last war /$cBy Richard Price.
=250  \\$a3d ed.
=260  \\$aLondon :$bT. Cadell,$c1776.
=300  \\$a4 p. l., 128 p. ;$c24 cm.
=336  \\$atext$2rdacontent
=337  \\$amicroform$2rdamedia
=338  \\$amicrofilm reel$2rdacarrier
=490  0\$aAmerican Culture Series, History collection ;$vreel 119:13
=533  \\$aMicrofilm. Ann Arbor, Mich., University Microfilms Int'l., 1978. 35 mm.
=653  0\$aU.S.-Politics and government-Revolution.
=653  0\$aU.S.-History-Revolution-Causes.
=653  0\$aFinance-Gt. Brit.-History.
=852  4\$aBritish Library$bDSC$jMFR/3017 *1*$iReel 7.3
=852  4\$aBritish Library$bDSC$iReel 119.13
=CAT  \\$aUCB-NEWU$b00$c20071123$lBLL01$h1612
=CAT  \\$aBATCH$b00$c20071123$lBLL01$h2041
=FIN  \\$aY$d20071101
=SRC  \\$aUCB 2007
=LAS  \\$aBATCH$b00$c20071123$lBLL01$h2041

