=LDR  02758cam a2200661 a 4500
=001  014463254
=003  Uk
=005  20101105092758.0
=008  071030s2006\\\\gt\a\\\\\b\\\\000\0\spa\d
=FMT  \\$a  BK
=010  \\$a2007489495
=020  \\$a9789993961147 (obra completa)
=020  \\$a9993961140 (obra completa)
=020  \\$a9789993961161 (v. 1)
=020  \\$a9993961167 (v. 1)
=020  \\$a9789993961178 (v. 2)
=020  \\$a9993961175 (v. 2)
=020  \\$a9789993961185 (v. 3)
=020  \\$a9993961183 (v. 3)
=020  \\$a9789993961154 (v. 4)
=020  \\$a9993961159 (v. 4)
=035  \\$a(OCoLC)99995965
=040  \\$aTJC$cTJC$dDLC$dPL#$dI5B$dUk
=042  \\$aukblderived
=043  \\$anc-----
=050  00$aHF1483$b.C46 2006
=082  00$a337.728$222
=245  00$aCentroamérica en la economía mundial del siglo XXI /$c[editor responsable, Pablo Rodas Martini ; colaboradores de la edición, consultores de ASIES, David Ricardo Cristiani Flores ... et al.].
=260  \\$aGuatemala :$bAsociación de Investigación y Estudios Sociales :$b[Ottawa, Canada] :$bInternational Development Research Centre,$c2006.
=300  \\$a4 v. :$bill. ;$c28 cm.
=336  \\$atext$2rdacontent
=337  \\$aunmediated$2rdamedia
=338  \\$avolume$2rdacarrier
=504  \\$aIncludes bibliographical references.
=651  \0$aCentral America$xForeign economic relations.
=651  \0$aCentral America$xEconomic conditions$y1979-
=651  \0$aCentral America$xEconomic integration.
=651  \0$aCentral America$xEconomic policy.
=651  \0$aCentral America$xCommercial policy.
=651  \0$aCentral America$xCommercial treaties.
=650  \0$aFree trade$zCentral America.
=690  7\$aManagement and Business Studies$2blcoll
=700  1\$aRodas Martini, Pablo.
=710  2\$aAsociación de Investigación y Estudios Sociales (Guatemala)
=710  2\$aInternational Development Research Centre (Canada)
=776  08$iOnline version:$tCentroamérica en la economía mundial del siglo XXI.$w(OCoLC)654319780$dGuatemala : Asociación de Investigación y Estudios Sociales : [Ottawa, Canada] : International Development Research Centre, 2006
=852  41$aBritish Library$bHMNTS$jYF.2010.b.2520$ivol. 2
=852  41$aBritish Library$bHMNTS$jYF.2010.b.2519
=852  41$aBritish Library$bHMNTS$ivol. 2
=852  41$aBritish Library$bHMNTS$jYF.2010.b.2522
=852  41$aBritish Library$bHMNTS$jYF.2010.b.2521
=CAT  \\$a6191$b40$c20071204$lBLL01$h1251
=CAT  \\$a5512$b40$c20101105$lBLL01$h0927
=CAT  \\$aBATCH-MBS$c20101119$lBLL01$h2052
=CAT  \\$aW2308-1659$c20230923$lBLL01$h1115
=FIN  \\$aY$d20101105
=SID  \\$aZ39$bOCLC
=LAS  \\$aW2308-1659$b00$c20230923$lBLL01$h1115

