=LDR  02251 cm a2200601 a 4500
=001  014477280
=003  Uk
=005  20110411113937.0
=008  071029s2007\\\\nyumsa\\\\\\\\\n\\\\lat\d
=FMT  \\$a  MU
=016  \\$a014477280
=020  \\$a9780193870048
=035  \\$a(UkOxU)UkOxUb16568133
=039  0\$aeeee
=040  \\$aUk$beng$cUk$dUkOxU$dUk
=041  0\$alat$geng$elat$eeng
=042  \\$aukblsr
=082  04$a782.53232$222
=100  1\$aSheppard, John,$dapproximately 1515-1558.
=245  10$aMissa Cantate :$bSATTBarB choir, unaccompanied /$cJohn Sheppard ; [ed. Sally Dunkley].
=260  \\$aNew York :$bOxford University Press,$cc2007.
=300  \\$a1 score (62 p.) ;$c31 cm.
=336  \\$anotated music$2rdacontent
=337  \\$aunmediated$2rdamedia
=338  \\$avolume$2rdacarrier
=490  0\$aMusica del donum
=500  \\$aIncludes keyboard reduction for rehearsal only.
=500  \\$aCover title.
=500  \\$aSource: Oxford, Bodleian Library, Mss. Mus. Sch. e.376-81.
=500  \\$aIncludes pref. by the editor, performance and editorial notes.
=546  \\$aLatin words, also printed separately for reference with English translation; superlinear Latin words and English translation also printed phrase by phrase throughout score.
=650  \0$aChoruses, Sacred (Mixed voices, 6 parts), Unaccompanied,
=650  \0$aMasses$vScores.
=700  1\$aDunkley, Sally.
=852  41$aBritish Library$bMUSIC$jG.976.ll.(1.)
=852  41$aBritish Library$bDSC$cMUSIC
=852  41$aBritish Library$bDSC$cMUSIC$jH06/.12609
=985  \\$aRecord amended for WR# 13/070
=BUF  \\$aNM$d20071219
=CAT  \\$a12327$b40$c20071219$lBLL01$h1233
=CAT  \\$aBATCH-BUOC$b00$c20080131$lBLL01$h2144
=CAT  \\$aBATCH-UPD$b00$c20080414$lBLL01$h2107
=CAT  \\$a12418$b40$c20091209$lBLL01$h1449
=CAT  \\$a6550$b40$c20110411$lBLL01$h1139
=CAT  \\$aBATCH-HARR$b00$c20111205$lBLL01$h1211
=CAT  \\$aWR13_070$b00$c20130504$lBLL01$h0259
=CAT  \\$aWR16_021$c20160618$lBLL01$h1824
=CAT  \\$aBATCH-016$c20160905$lBLL01$h1714
=FIN  \\$aY$d20091209
=LDO  \\$aALDL$bPM$c20071004$d4702950
=SID  \\$aZ39$bOXFORD
=SRC  \\$aALDL
=LAS  \\$aBATCH-016$b00$c20160905$lBLL01$h1714

