=LDR  01733 am a22004337a 4500
=001  014479178
=003  Uk
=005  20080424141241.0
=008  071221s2007\\\\xxua\\\\\b\\\\100\0\eng\\
=FMT  \\$a  BK
=040  \\$aUk$beng$cUk
=CNF  \\$aInternational conference on liquefied natural gas$n15th :$d2007 Apr :$cBarcelona, Spain)
=245  00$a15th International conference & exhibition on liquefied natural gas (LNG15) : 24-27 April 2007, Barcelona, Spain.
=260  \\$aDes Plaines, Ill. :$bGas Technology Institute,$c2007.
=300  \\$a5 v. (various pagings) :$bill. ;$c21/30 cm. +$e1 CD-ROM.
=336  \\$atext$2rdacontent
=337  \\$aunmediated$2rdamedia
=338  \\$avolume$2rdacarrier
=505  0\$apt 1. Paper sessions--pt. 2. Poster sessions--pt. 3.Profiles--pt. 4. Exhibition catalogue--pt. 5. Final report
=591  \\$aPapers and poster sessions in 2 vols., also on CD-ROM.
=504  \\$aIncludes bibliographical references.
=653  1\$aLiquefied natural gas
=653  1\$aNatural gas
=653  1\$aLNG
=653  1\$aGNL
=710  2\$aGas Technology Institute.
=710  2\$aInternational Gas Union.
=710  2\$aInternational Institute of Refrigeration.
=852  41$aBritish Library$bDSC$jVm08/.50330$ipt. 4.
=852  41$aBritish Library$bDSC$mVm08/.50329$ipt. 5.
=852  41$aBritish Library$bDSC$jVm08/.50328$ipt. 2.
=852  41$aBritish Library$bDSC$jVm08/.50326$ipt. 3.
=852  41$aBritish Library$bDSC$jVm08/.50327$ipt. 1
=CAT  \\$a11409$b40$c20071221$lBLL01$h1420
=CAT  \\$a5883$b40$c20080424$lBLL01$h1344
=CAT  \\$a5883$b40$c20080424$lBLL01$h1409
=CAT  \\$a5883$b40$c20080424$lBLL01$h1412
=FIN  \\$aY$d20080424
=LAS  \\$a5883$b40$c20080424$lBLL01$h1412

