=LDR  02255cam a2200625 a 4500
=001  014500019
=003  Uk
=005  20220331225503.0
=008  070921s2008\\\\enkab\\\\b\\\\001\0\eng\\
=FMT  \\$a  BK
=010  \\$a2007039106  
=015  \\$aGBA808646$2bnb
=016  7\$a014500019$2Uk
=020  \\$a9780415457132 (hbk.) :$c£70.00
=020  \\$a0415457130 (hbk.) :$c£70.00
=020  \\$a9780203928967 (e-book) :$cNo price
=020  \\$a0203928962 (e-book) :$cNo price
=040  \\$aStDuBDS$beng$cStDuBDS$dUk
=042  \\$aukblsr
=043  \\$ae------$aa-tu---
=050  00$aHC240.25.T8$bF38 2008
=082  00$a341.2422$222
=100  1\$aFaucompret, Erik.
=245  10$aTurkish accession to the EU :$bsatisfying the Copenhagen criteria /$cErik Faucompret and Jozef Konings.
=246  3\$aTurkish accession to the European Union
=260  \\$aLondon :$bRoutledge,$c2008.
=300  \\$axviii, 221 p. :$bill., map ;$c24 cm.
=336  \\$atext$2rdacontent
=337  \\$aunmediated$2rdamedia
=338  \\$avolume$2rdacarrier
=490  0\$aRoutledge studies in Middle Eastern economies
=500  \\$aFormerly CIP.$5Uk
=504  \\$aIncludes bibliographical references (p. [196]-210) and index.
=540  \\$aCurrent Copyright Fee: GBP28.00$c0$5Uk
=610  20$aEuropean Union$zTurkey.
=610  20$aEuropean Union$xMembership.
=700  1\$aKonings, Jozef.
=852  41$aBritish Library$bHMNTS$jYC.2012.a.11545
=852  41$aBritish Library$bDSC$iv. 4
=BUF  \\$aN$d20080618
=CAT  \\$aBATCH-CIP$b00$c20080122$lBLL01$h1702
=CAT  \\$aBATCH$b00$c20080122$lBLL01$h1703
=CAT  \\$aBATCH$b00$c20080122$lBLL01$h1709
=CAT  \\$aBATCH$b00$c20080403$lBLL01$h0916
=CAT  \\$aBATCH$b00$c20080403$lBLL01$h0920
=CAT  \\$a10775$b40$c20080618$lBLL01$h0921
=CAT  \\$a10983$b40$c20081017$lBLL01$h1435
=CAT  \\$aBATCH-BUOC$b00$c20090409$lBLL01$h2216
=CAT  \\$aBATCH$b00$c20090409$lBLL01$h2216
=CAT  \\$aWR16_021$c20160618$lBLL01$h1827
=CAT  \\$aBATCH-CLAB$c20220330$lBLL01$h1617
=CAT  \\$aIPL-CLA$c20220331$lBLL01$h2255
=CFI  0\$aCurrent Copyright Fee: GBP28.00$c0$e01-apr-2022$fGBP28.00$g0$hC$5Uk
=FIN  \\$aY$d20080618
=LAS  \\$aIPL-CLA$b00$c20220331$lBLL01$h2255

