=LDR  02230 as a2200529 a 4500
=001  014509142
=003  Uk
=005  20190130121109.0
=007  ta
=008  080130d200u2009enkuu\p\\r\\\\0\\\a0eng\\
=FMT  \\$a  SE
=015  \\$aGBA814184$2bnb
=040  \\$aUk$beng$cUk$dUk
=042  \\$aukblsr
=082  04$a363.72802541$222
=245  04$aThe A-Z of minerals & waste planning /$cDCS Ltd.
=246  3\$aA-Z of minerals and waste planning
=246  3\$aA-Z of mineral & waste planning
=246  3\$aA-Z of mineral and waste planning
=260  \\$aGloucester :$bDCS
=300  \\$av. :$bill. (some col.), col. ports. ;$c30 cm.
=336  \\$atext$2rdacontent
=337  \\$aunmediated$2rdamedia
=338  \\$avolume$2rdacarrier
=500  \\$aDescription based on: 2007-2008 issue, published Nov. 2007.
=580  \\$aProduced in conjunction with: Mineral planning, and, Waste planning.
=650  \0$aMineral industries$xPlanning$vDirectories.$zGreat Britain
=650  \0$aMineral industries$xWaste disposal$xPlanning$zGreat Britain$vDirectories.
=650  \0$aRefuse and refuse disposal$xPlanning$zGreat Britain$vDirectories.
=650  \0$aMineral industries$xEnvironmental aspects$zGreat Britain$vDirectories.
=650  \0$aMineral industries$xWaste disposal$xEnvironmental aspects$zGreat Britain$vPeriodicals.
=650  \0$aRefuse and refuse disposal$xEnvironmental aspects$zGreat Britain$vDirectories.
=710  2\$aDevelopment Control Services.
=785  00$tA-Z of waste & mineral planning
=787  1\$tMineral planning$x0267-1409
=787  1\$tWaste planning$x0965-3147
=852  41$aBritish Library$bHMNTS$jZC.9.b.10698$32007/2008-2008***Current issue
=852  41$aBritish Library$bSTI$cRES$3Earlier issues
=CAT  \\$a8871$b40$c20080130$lBLL01$h1113
=CAT  \\$a5997$b40$c20100104$lBLL01$h1131
=CAT  \\$aWR14_140$c20140905$lBLL01$h1817
=CAT  \\$a10932$b40$c20190130$lBLL01$h1211
=FIN  \\$aY$d20080130
=LKR  \\$aPAR$b012299227$lBLL01$r787$mThe A-Z of minerals & waste planning /$nMineral planning
=LKR  \\$aPAR$b012478144$lBLL01$r787$mThe A-Z of minerals & waste planning /$nWaste planning
=TCO  \\$aCLA$bCLA$c008
=LAS  \\$a10932$b40$c20190130$lBLL01$h1211

