=LDR  01703cam a2200493 a 4500
=001  014513148
=003  Uk
=005  20080327084400.0
=008  000829s2001\\\\nyuab\\d\be\\\001\0\eng\\
=FMT  \\$a  BK
=010  \\$a00046064    
=015  \\$aGBA850231$2bnb
=020  \\$a002865434X (set) :$cNo price
=020  \\$a0028654307 (v. 1) :$cNo price
=020  \\$a0028654315 (v. 2) :$cNo price
=020  \\$a0028654323 (v. 3) :$cNo price
=020  \\$a0028654331 (v. 4) :$cNo price
=040  \\$aDLC$cDLC$dDLC$dUk
=042  \\$aukblsr
=050  00$aQK49$b.P52 2001
=082  00$a580$222
=245  00$aPlant sciences /$cRichard Robinson, editor in chief.
=260  \\$aNew York ;$aLondon :$bMacmillan Reference USA,$cc2001.
=300  \\$a4 v. :$bill. (some col.), col. maps ;$c29 cm.
=336  \\$atext$2rdacontent
=337  \\$aunmediated$2rdamedia
=338  \\$avolume$2rdacarrier
=504  \\$aIncludes bibliographical references and index.
=505  0\$av. 1. Ab-Cl -- v. 2. Co-Gy -- v. 3. Ha-Qu -- v. 4. Ra-Ye. Cumulative index.
=650  \0$aBotany$vEncyclopedias.
=650  \0$aPlants$vEncyclopedias.
=650  \1$aBotany$vEncyclopedias.
=700  1\$aRobinson, Richard,$d1956-
=852  41$aBritish Library$bDSC$cQ$jQ580$ivol. 3
=852  41$aBritish Library$bDSC$cQ$jQ580$ivol. 1
=852  41$aBritish Library$bDSC$cQ$jQ580$ivol. 2
=852  41$aBritish Library$bDSC$cQ$ivol. 4
=852  41$aBritish Library$bDSC$cQ$jQ580$iVol.4
=CAT  \\$a4861$b40$c20080205$lBLL01$h1436
=CAT  \\$a11250$b40$c20080327$lBLL01$h0844
=CAT  \\$aW2308-1659$c20230923$lBLL01$h1118
=FIN  \\$aY$d20080327
=SRC  \\$aBLL02
=LAS  \\$aW2308-1659$b00$c20230923$lBLL01$h1118

