=LDR  01710cam a2200493 a 4500
=001  014515206
=003  Uk
=005  20230331165636.0
=008  071203s2008\\\\flua\\\\\b\\\\001\0\eng\d
=FMT  \\$a  BK
=015  \\$aGBA8D3356$2bnb
=016  7\$a014515206$2Uk
=020  \\$a9781420045543 (hbk.) :$c£79.00
=020  \\$a1420045547 (hbk.) :$c£79.00
=040  \\$aStDuBDS$beng$cStDuBDS$dUk
=042  \\$aukblcatcopy
=082  04$a681.4$222
=245  00$aHandbook of charged particle optics /$cedited by Jon Orloff.
=250  \\$a2nd ed.
=260  \\$aBoca Raton, Fla. :$bCRC ;$aLondon :$bTaylor & Francis [distributor],$c2008.
=300  \\$axi, 665 p. :$bill. ;$c27 cm.
=336  \\$atext$2rdacontent
=337  \\$aunmediated$2rdamedia
=338  \\$avolume$2rdacarrier
=504  \\$aIncludes bibliographical references and index.
=500  \\$aPrevious ed.: 1997.
=500  \\$aFormerly CIP.$5Uk
=540  \\$aCurrent Copyright Fee: GBP34.00$c0$5Uk
=650  \0$aOptical instruments$xDesign and construction.
=700  1\$aOrloff, Jon.
=852  41$aBritish Library$bDSC$jm08/.36119
=852  11$aBritish Library$bHMNTS$k(B)$h681.4
=917  \\$aPriority processing
=CAT  \\$aBATCH-APP$b00$c20080206$lBLL01$h1352
=CAT  \\$aBATCH$b00$c20080206$lBLL01$h1353
=CAT  \\$aBATCH$b00$c20080206$lBLL01$h1359
=CAT  \\$a5703$b40$c20081125$lBLL01$h1534
=CAT  \\$aWR16_021$c20160618$lBLL01$h1830
=CAT  \\$aBATCH-CLAB$c20230324$lBLL01$h1405
=CAT  \\$aIPL-CLA$c20230331$lBLL01$h1656
=CFI  0\$aCurrent Copyright Fee: GBP34.00$c0$e01-apr-2023$fGBP34.00$g0$hC$5Uk
=FIN  \\$aY$d20081125
=SRC  \\$aHolt Jackson
=LAS  \\$aIPL-CLA$b00$c20230331$lBLL01$h1656

