=LDR  01737 as a2200493 a 4500
=001  014516029
=003  Uk
=005  20210218133403.0
=007  ta
=008  071203d20072008enkuu\p\\f\\\\0\\\a0eng\d
=FMT  \\$a  SE
=015  \\$aGBA816603$2bnb
=035  \\$a(UkCU)4512452
=035  \\$a(UkLCURL)014512452
=038  \\$aUkLCURL
=040  \\$aUkCU$dUk
=042  \\$aukblsr
=043  \\$ae-uk---
=082  04$a658.40830941$222
=245  00$aSustainability and environment /$cCroner.
=246  13$aCroner sustainability and environment
=260  \\$aKingston upon Thames :$bWolters Kluwer (UK),$c2007-2008
=300  \\$av. :$bill., maps ;$c24 cm.
=336  \\$atext$2rdacontent
=337  \\$aunmediated$2rdamedia
=338  \\$avolume$2rdacarrier
=362  0\$a2007/2008-
=650  \0$aIndustries$xEnvironmental aspects$zGreat Britain$vHandbooks, manuals, etc.
=650  \0$aEnvironmental law$zGreat Britain$vHandbooks, manuals, etc.
=650  \0$aEnvironmental management$zGreat Britain$vHandbooks, manuals, etc.
=650  \0$aSustainable development$xLaw and legislation$zGreat Britain$vHandbooks, manuals, etc.
=690  7\$aManagement and Business Studies$2blcoll
=710  2\$aCroner (Firm)
=852  11$aBritish Library$bSTI$cBIPC$kSmall Business Help Section$32007/2008
=852  41$aBritish Library$bHMNTS$jZC.9.a.7941$32007/2008
=CAT  \\$a8323$b40$c20080207$lBLL01$h1418
=CAT  \\$a8323$b40$c20080207$lBLL01$h1429
=CAT  \\$aBATCH$b00$c20090625$lBLL01$h1714
=CAT  \\$aWR14_140$c20140905$lBLL01$h1817
=CAT  \\$a7764$b40$c20210218$lBLL01$h1334
=FIN  \\$aY$d20080207
=SID  \\$aZ39$bOXFORD$c(UkCU)4512452
=TCO  \\$aCLA$bCLA$c008
=LAS  \\$a7764$b40$c20210218$lBLL01$h1334

