=LDR  01456 as a2200433 a 4500
=001  014516214
=003  Uk
=005  20210218151834.0
=007  ta
=008  080207d20072009enkuu\p\\f\\\\0\\\a0eng\\
=FMT  \\$a  SE
=015  \\$aGBA816624$2bnb
=016  \\$a014516214
=040  \\$aUk$beng$cUk
=042  \\$aukblsr
=082  04$a658.300941$222
=130  0\$aEmployment (Kingston upon Thames, London, England)
=245  10$aEmployment /$cCroner.
=260  \\$aKingston upon Thames :$bWolters Kluwer (UK),$c2007-2009
=300  \\$av. ;$c24 cm.
=336  \\$atext$2rdacontent
=337  \\$aunmediated$2rdamedia
=338  \\$avolume$2rdacarrier
=362  0\$a2007/08-
=650  \0$aPersonnel management$zGreat Britain$vHandbooks, manuals, etc.
=650  \0$aLabor laws and legislation$zGreat Britain$vHandbooks, manuals, etc.
=690  7\$aManagement and Business Studies$2blcoll
=710  2\$aCroner (Firm)
=852  11$aBritish Library$bSTI$cBIPC$kSmall Business Help Section$32007/2008
=852  41$aBritish Library$bHMNTS$jZC.9.a.7946$32007/2008-2008/2009
=CAT  \\$a8323$b40$c20080207$lBLL01$h1549
=CAT  \\$aBATCH$b00$c20090625$lBLL01$h1714
=CAT  \\$aWR14_140$c20140905$lBLL01$h1817
=CAT  \\$aWR16_021$c20160618$lBLL01$h1830
=CAT  \\$aBATCH-016$c20160905$lBLL01$h1714
=CAT  \\$a7764$b40$c20210218$lBLL01$h1518
=FIN  \\$aY$d20080207
=TCO  \\$aCLA$bCLA$c008
=LAS  \\$a7764$b40$c20210218$lBLL01$h1518

