=LDR  01140 as a2200361 a 4500
=001  014516357
=003  Uk
=005  20210219115510.0
=007  ta
=008  080208d20072010enkuu\p\\\\\\\0\\\a0eng\\
=FMT  \\$a  SE
=015  \\$aGBA816648$2bnb
=040  \\$aUk$beng$cUk
=042  \\$aukblsr
=082  04$a363.110941$222
=245  00$aHealth and safety.
=260  \\$aKingston upon Thames :$bWolters Kluwer (UK),$c2007-2010
=300  \\$av. ;$c24 cm.
=336  \\$atext$2rdacontent
=337  \\$aunmediated$2rdamedia
=338  \\$avolume$2rdacarrier
=362  0\$a2007-
=650  \0$aIndustrial safety$zGreat Britain$vHandbooks, manuals, etc.
=650  \0$aIndustrial safety$xLaw and legislation$vHandbooks, manuals, etc.
=710  2\$aCroner (Firm)
=852  11$aBritish Library$bSTI$cBIPC$kSmall Business Help Section
=852  41$aBritish Library$bHMNTS$jZC.9.a.7942$32007/2008-(2009/2010)
=CAT  \\$a5997$b40$c20080208$lBLL01$h0827
=CAT  \\$aWR14_140$c20140905$lBLL01$h1817
=CAT  \\$a7764$b40$c20210219$lBLL01$h1155
=FIN  \\$aY$d20080208
=TCO  \\$aCLA$bCLA$c008
=LAS  \\$a7764$b40$c20210219$lBLL01$h1155

