=LDR  02026cem a2200577 a 4500
=001  014524869
=003  Uk
=005  20230420200441.0
=008  080129s2008\\\\enk\\\\\\\e\\\\\1\\\eng\d
=FMT  \\$a  MP
=010  \\$a  2007048032
=015  \\$aGBA820094$2bnb
=016  \\$a014524869
=020  \\$a9781403975416 (hbk.) :$c£42.50
=020  \\$a1403975418 (hbk.) :$c£42.50
=020  \\$a9781403975423 (pbk.) :$c£14.99
=020  \\$a1403975426 (pbk.) :$c£14.99
=034  1\$aa$b25000000
=040  \\$aStDuBDS$beng$cStDuBDS$dUk
=042  \\$aukblcatcopy
=082  04$a911.58$222
=100  1\$aAbazov, Rafis.
=245  14$aThe Palgrave concise historical atlas of Central Asia /$cRafis Abazov.
=246  3\$aConcise historical atlas of Central Asia
=255  \\$aScale [ca. 1: 25,000,000].
=260  \\$aBasingstoke :$bPalgrave Macmillan,$c2008.
=300  \\$a1 atlas (xvii, 124 p.) :$bmaps ;$c24 cm.
=336  \\$acartographic image$2rdacontent
=337  \\$aunmediated$2rdamedia
=338  \\$avolume$2rdacarrier
=500  \\$aFormerly CIP.$5Uk
=651  \0$aAsia, Central$xHistorical geography.
=651  \0$aAsia, Central$xHistorical geography$vMaps.
=852  41$aBritish Library$bMAPS$mMaps 251.a.70.
=852  41$aBritish Library$bDSC$jm08/.26951
=852  41$aBritish Library$bMAPS$jMaps 247.a.60.
=852  41$aBritish Library$bMAPS$jMaps Ref.911.58.
=BUF  \\$aY$d20080612
=CAT  \\$aBATCH-CIP$b00$c20080219$lBLL01$h1702
=CAT  \\$aBATCH$b00$c20080219$lBLL01$h1704
=CAT  \\$aBATCH$b00$c20080219$lBLL01$h1710
=CAT  \\$a6923$b40$c20080612$lBLL01$h1046
=CAT  \\$a8876$b40$c20080716$lBLL01$h1117
=CAT  \\$a8876$b40$c20080716$lBLL01$h1118
=CAT  \\$aWR16_021$c20160618$lBLL01$h1831
=CAT  \\$aBATCH-UPD$b00$c20160618$lBLL01$h2224
=CAT  \\$aBATCH-016$c20160905$lBLL01$h1714
=CAT  \\$aBATCH-UPD$b00$c20201001$lBLL01$h2051
=CAT  \\$a14185$b40$c20230420$lBLL01$h2004
=FIN  \\$aY$d20080612
=LAS  \\$a14185$b40$c20230420$lBLL01$h2004

