=LDR  01884 am a2200493 i 4500
=001  014539605
=003  Uk
=005  20140130134111.0
=008  080305m20069999enka\\\\\\\\\|0|0\0|eng\\
=FMT  \\$a  BK
=015  \\$aGBA884603$2bnb
=016  7\$a014539605$2Uk
=020  \\$a0954456017 (v. 1 : paperback) :$c£11.00
=020  \\$a9780954456023 (v. 2 : paperback) :$cNo price
=020  \\$a0954456025 (v. 2: paperback) :$cNo price
=020  \\$a9780954456030 (v. 3 : paperback)
=040  \\$aUk$beng$cUk$dUk$erda
=042  \\$aukblsr
=082  04$a796.334630942653$223
=100  1\$aSmith, Gordon,$d1945-$eauthor.
=245  10$aEarly football in the town of Wisbech /$cby Gordon Smith.
=246  1\$iVolume 2 and 3 have title:$aFootball in Wisbech
=260  \\$aWisbech :$bG. Smith,$c[2006]-
=300  \\$avolumes :$billustrations (black and white) ;$c22 cm
=336  \\$atext$2rdacontent
=337  \\$aunmediated$2rdamedia
=338  \\$avolume$2rdacarrier
=505  1\$a[v. 1.] The years 1880 to 1920 -- v. 2. The next fifty years, the years 1920-1970 -- v. 3. "Dive into the depths of your pockets" : the years 1970 - 2013.
=650  \0$aSoccer$zEngland$zWisbech$xHistory.
=610  20$aWisbech Town Football Club$xHistory.
=852  41$aBritish Library$bHMNTS$jYK.2008.a.13844
=852  41$aBritish Library$bHMNTS$ivol. 2
=852  41$aBritish Library$bHMNTS$jYK.2014.a.2799$ivol.3
=CAT  \\$aBATCH-ALDL$b00$c20080307$lBLL01$h0933
=CAT  \\$a11029$b40$c20080421$lBLL01$h1202
=CAT  \\$a11029$b40$c20080421$lBLL01$h1203
=CAT  \\$a11009$b40$c20080704$lBLL01$h1334
=CAT  \\$a11009$b40$c20080801$lBLL01$h1148
=CAT  \\$a11009$b40$c20140130$lBLL01$h1341
=CAT  \\$aWR16_021$c20160618$lBLL01$h1835
=FIN  \\$aY$d20080801
=LDO  \\$aALDL$bPB$c20080124$d4797172
=SRC  \\$aALDL
=LAS  \\$aWR16_021$b00$c20160618$lBLL01$h1835

