=LDR  02556cam a2200661 a 4500
=001  014555944
=003  Uk
=005  20230331165657.0
=008  080303s2008\\\\nyua\\\\\be\\\001\0\eng\\
=FMT  \\$a  BK
=010  \\$a2008270220
=015  \\$aGBA8A4543$2bnb
=016  7\$a014555944$2Uk
=020  \\$a9781420052756 (set) :$c£510.00
=020  \\$a1420052756 (set) :$c£510.00
=040  \\$aUK-WkNB$beng$cUK-WkNB$dUk
=042  \\$aukblsr
=043  \\$an-us---
=050  00$aJK9$b.E526 2008
=082  00$a351.7303$222
=245  00$aEncyclopedia of public administration and public policy /$cedited by Evan M. Berman ; Jack Rabin, founding editor.
=250  \\$a2nd ed.
=260  \\$aNew York ;$aLondon :$bTaylor & Francis,$cc2008.
=300  \\$a3 v. :$bill. ;$c29 cm.
=336  \\$atext$2rdacontent
=337  \\$aunmediated$2rdamedia
=338  \\$avolume$2rdacarrier
=504  \\$aIncludes bibliographical references and index.
=505  0\$av. 1. 1993 - Environment -- v. 2. Equal - Organizational -- v. 3. Papers - Zero.
=540  \\$aCurrent Copyright Fee: GBP34.00$c0$5Uk
=650  \0$aAdministrative agencies$zUnited States$vEncyclopedias.
=650  \0$aExecutive departments$zUnited States$vEncyclopedias.
=651  \0$aUnited States$xPolitics and government$vEncyclopedias.
=650  \0$aPublic administration$zUnited States$vEncyclopedias.
=650  \0$aPolitical planning$zUnited States$vEncyclopedias.
=650  \0$aPublic policy (Law)$zUnited States$vEncyclopedias.
=690  7\$aManagement and Business Studies$2blcoll
=700  1\$aBerman, Evan M.
=700  1\$aRabin, Jack,$d1945-
=852  41$aBritish Library$bDSC$cQ$jQ351.7303$ivol. 1
=852  41$aBritish Library$bDSC$cQ$jQ351.7303$ivol. 3
=852  41$aBritish Library$bDSC$cQ$jQ351.7303$ivol. 2
=852  41$aBritish Library$bDSC$ivol. 1
=CAT  \\$aBATCH-CMLD$b00$c20080312$lBLL01$h1556
=CAT  \\$aBATCH$b00$c20080312$lBLL01$h1611
=CAT  \\$aBATCH$b00$c20080312$lBLL01$h1735
=CAT  \\$aBATCH-UPD$b00$c20080314$lBLL01$h1549
=CAT  \\$aBATCH-UPD$b00$c20080328$lBLL01$h1522
=CAT  \\$a11250$b40$c20080901$lBLL01$h1432
=CAT  \\$aBATCH$b00$c20090625$lBLL01$h1715
=CAT  \\$aWR16_021$c20160619$lBLL01$h1805
=CAT  \\$aBATCH-CLAB$c20230324$lBLL01$h1349
=CAT  \\$aIPL-CLA$c20230331$lBLL01$h1656
=CFI  0\$aCurrent Copyright Fee: GBP34.00$c0$e01-apr-2023$fGBP34.00$g0$hC$5Uk
=FIN  \\$aY$d20080901
=SID  \\$aZ39$bLOC
=SRC  \\$aNielsen Bookdata
=LAS  \\$aIPL-CLA$b00$c20230331$lBLL01$h1656

