=LDR  02802cam a2200733 a 4500
=001  014566209
=003  Uk
=005  20230930113027.0
=008  080219s2009\\\\xxua\\\\\\\\\\001\0\eng\d
=FMT  \\$a  BK
=015  \\$aGBA847349$2bnb
=016  7\$a014566209$2Uk
=020  \\$a9780073101873 (v. 1 : spiral)
=020  \\$a0073101877 (v. 1 : spiral)
=020  \\$a9780077237226 (v. 1 : CD)
=020  \\$a0077237226 (v. 1 : CD)
=020  \\$a9780073101880 (v. 2 : spiral)
=020  \\$a0073101885 (v. 2 : spiral)
=020  \\$a9780077237233 (v. 2 : CD)
=020  \\$a0077237234 (v. 2 : CD)
=040  \\$aStDuBDS$beng$cStDuBDS$dUk
=042  \\$aukblsr
=082  04$a781$222
=100  1\$aBenward, Bruce.
=245  10$aMusic in theory and practice.
=250  \\$a8th ed. /$bBruce Benward, Marilyn Saker.
=260  \\$aBoston, [Mass.] ;$aLondon :$bMcGraw-Hill Higher Education,$cc2009.
=300  \\$a2 v. :$bill. ;$c28 cm. +$e2 audio CDs.
=336  \\$atext$2rdacontent
=337  \\$aunmediated$2rdamedia
=338  \\$avolume$2rdacarrier
=500  \\$aIncludes indexes.
=500  \\$aFormerly CIP.$5Uk
=540  \\$aCurrent Copyright Fee: GBP2.60$c0$5Uk
=650  \0$aMusic theory.
=700  1\$aSaker, Marilyn Nadine.
=852  41$aBritish Library$bDSC$jVm08/.50457$ivol. 1 (+ audio CD)
=852  41$aBritish Library$bHMNTS$jEMD.2011.b.41$ivol. 2 (+ audio CD)
=852  41$aBritish Library$bHMNTS$ivol. 2 (+ audio CD)
=CAT  \\$aBATCH-CIP$b00$c20080318$lBLL01$h1703
=CAT  \\$aBATCH$b00$c20080318$lBLL01$h1705
=CAT  \\$aBATCH$b00$c20080318$lBLL01$h1714
=CAT  \\$a11250$b40$c20080710$lBLL01$h1214
=CAT  \\$a11250$b40$c20101111$lBLL01$h1153
=CAT  \\$a6989$b40$c20110623$lBLL01$h1205
=CAT  \\$a6989$b40$c20110623$lBLL01$h1353
=CAT  \\$aWR16_021$c20160619$lBLL01$h1808
=CAT  \\$aBATCH-CLAB$c20220330$lBLL01$h1705
=CAT  \\$aIPL-CLA$c20220331$lBLL01$h2256
=CAT  \\$aBATCH-CLAB$c20220908$lBLL01$h1337
=CAT  \\$aIPL-CLA$c20220930$lBLL01$h1603
=CAT  \\$aBATCH-CLAB$c20221217$lBLL01$h1748
=CAT  \\$aIPL-CLA$c20221231$lBLL01$h2214
=CAT  \\$aBATCH-CLAB$c20230324$lBLL01$h1357
=CAT  \\$aIPL-CLA$c20230331$lBLL01$h1657
=CAT  \\$aBATCH-CLAB$c20230907$lBLL01$h1722
=CAT  \\$aIPL-CLA$c20230930$lBLL01$h1130
=CFI  0\$aCurrent Copyright Fee: GBP2.60$c0$e01-oct-2023$fGBP2.60$g0$hC$5Uk
=CFI  2\$aPrevious Copyright Fee: GBP2.80$c0$e01-apr-2023$fGBP2.80$g0$hC$5Uk
=FIN  \\$aY$d20080710
=ACF  \\$aPrevious Copyright Fee: GBP2.60$c0$e01-apr-2022$fGBP2.60$g0$hC$5Uk
=ACF  \\$aPrevious Copyright Fee: GBP2.80$c0$e01-oct-2022$fGBP2.80$g0$hC$5Uk
=ACF  \\$aPrevious Copyright Fee: GBP3.00$c0$e01-jan-2023$fGBP3.00$g0$hC$5Uk
=LAS  \\$aIPL-CLA$b00$c20230930$lBLL01$h1130

