=LDR  01811pam a2200505 a 4500
=001  014567540
=003  Uk
=005  20090427140140.0
=008  080220s2008\\\\ne\ab\\\\b\\\\100\0\eng\d
=FMT  \\$a  BK
=015  \\$aGBA848679$2bnb
=016  7\$a014567540$2Uk
=020  \\$a9781402083150 (cased) :$cNo price
=020  \\$a9781402083167 (pbk.) :$cNo price
=020  \\$a9781402083174 (e-book) :$cNo price
=040  \\$aStDuBDS$beng$cStDuBDS$dUk
=042  \\$aukblsr
=082  04$a363.17990958$222
=CNF  \\$aNuclear risk in Central Asia (conference)$d(2006 Jun :$cAlmaty, Kazakhstan)
=245  00$aNuclear risk in Central Asia /$cedited by Brit Salbu and Lindis Skipperud.
=260  \\$aDordrecht ;$aLondon :$bSpringer,$c2008.
=300  \\$axi, 237 p. :$bill., maps ;$c24 cm.
=336  \\$atext$2rdacontent
=337  \\$aunmediated$2rdamedia
=338  \\$avolume$2rdacarrier
=490  0\$aNATO science for peace and security series - C : Environmental security
=504  \\$aIncludes bibliographical references.
=500  \\$aFormerly CIP.$5Uk
=591  \\$aPapers.
=650  \0$aRadioactive pollution$zAsia, Central.
=700  1\$aSalbu, Brit.
=700  1\$aSkipperud, Lindis.
=852  11$aBritish Library$bSTI$k(B)363.17990958
=852  41$aBritish Library$bDSC$jm09/.19883
=CAT  \\$aBATCH-CIP$b00$c20080318$lBLL01$h1704
=CAT  \\$aBATCH$b00$c20080318$lBLL01$h1706
=CAT  \\$aBATCH$b00$c20080318$lBLL01$h1715
=CAT  \\$a10876$b40$c20080729$lBLL01$h1406
=CAT  \\$a5375$b40$c20080730$lBLL01$h1441
=CAT  \\$a5375$b40$c20080730$lBLL01$h1444
=CAT  \\$a5194$b40$c20080813$lBLL01$h1147
=CAT  \\$a10896$b40$c20090427$lBLL01$h1401
=CAT  \\$aWR16_021$c20160619$lBLL01$h1809
=FIN  \\$aY$d20080730
=LAS  \\$aWR16_021$b00$c20160619$lBLL01$h1809

