=LDR  04833pam a2201237 a 4500
=001  014567956
=003  Uk
=005  20180703173503.0
=008  090807m20089999orua\\\j\6\\\\000\j\eng\d
=FMT  \\$a  BK
=015  \\$aGBA849095$2bnb
=016  7\$a014567956$2Uk
=020  \\$a9781593079734 (v. 1)
=020  \\$a1593079737 (v. 1)
=020  \\$a9781595821683 (v. 2)
=020  \\$a1595821686 (v. 2)
=020  \\$a9781595822598 (v. 3)
=020  \\$a1595822593 (v. 3)
=020  \\$a9781595823083 (v. 4)
=020  \\$a1595823085 (v. 4)
=020  \\$a9781595823533 (v. 5)
=020  \\$a1595823530 (v. 5)
=020  \\$a9781595823540 (v. 6)
=020  \\$a1595823549 (v. 6)
=020  \\$a9781595825162 (v. 7)
=020  \\$a1595825169 (v. 7)
=020  \\$a9781595825681 (v. 8)
=020  \\$a1595825681 (v. 8)
=020  \\$a9781595826930 (v. 9)
=020  \\$a1595826939 (v. 9)
=020  \\$a9781595827197 (v. 10)
=020  \\$a1595827196 (v. 10)
=020  \\$a9781595827616 (v. 11)
=020  \\$a1595827617 (v. 11)
=020  \\$a9781595827708 (v. 12)
=020  \\$a1595827706 (v. 12)
=020  \\$a9781595827715 (v. 13)
=020  \\$a1595827714 (v. 13)
=020  \\$a9781595827722 (v. 14)
=020  \\$a1595827722 (v. 14)
=020  \\$a9781616550165 (v. 15)
=020  \\$a9781616551049 (v. 16) :$c£37.99
=020  \\$a9781616551759 (v. 17) :$c£37.99
=020  \\$a9781616552695 (v. 18) :$c£37.99
=035  \\$a(OCoLC)429666584$z(OCoLC)214309137$z(OCoLC)244767466$z(OCoLC)298780422
=040  \\$aStDuBDS$beng$cStDuBDS$dUk
=042  \\$aukblsr
=043  \\$an-us---
=050  \4$aPN6728.C74$bC74 2008
=082  04$a741.5973$222
=245  00$aCreepy archives /$ceditor, Shawna Gore ; [artists, Frank Frazetta ... et al. ; writers, Archie Goodwin ... et al.].
=246  30$aCreepy
=260  \\$aMilwaukie, OR :$bDark Horse Books,$c2008-
=300  \\$av. :$bchiefly ill. (some col.) ;$c29 cm.
=336  \\$atext$2rdacontent
=337  \\$aunmediated$2rdamedia
=338  \\$avolume$2rdacarrier
=500  \\$aEditors and contributors vary.
=500  \\$aIssues originally published by Warren Publishing.
=505  1\$av. 1. Creepy 1-5 -- v. 2. Creepy 6-10 -- v. 3. Creepy 11-15 -- v. 5. Creepy 21-25 -- v. 6. Creepy 26-32 -- v. 7. Creepy 33-36 -- v. 8. Creepy 37-41 -- v. 9. Creepy 42-45 -- v. 10. Creepy 46-50 -- v. 11. Creepy 51-54 -- v. 12. Creepy 55-59 -- v. 13. Creepy 60-63 -- v. 14. Creepy 64-68 -- v. 15. Creepy 69-72 -- v. 16. Creepy 73-77 -- v. 17. Creepy 78-83.
=500  \\$aFormerly CIP.$5Uk
=650  \0$aMonsters$vComic books, strips, etc.
=650  \0$aGood and evil$vComic books, strips, etc.
=655  \0$aHorror comic books, strips, etc.
=700  1\$aGore, Shawna.
=700  1\$aSimon, Philip R.
=700  1\$aFrazetta, Frank.
=700  1\$aGoodwin, Archie.
=730  0\$aCreepy.
=852  41$aBritish Library$bHMNTS$jYK.2011.b.11335$ivol. 10
=852  41$aBritish Library$bHMNTS$jYK.2014.b.3902$ivol. 18
=852  41$aBritish Library$bHMNTS$jYK.2014.b.3903$ivol. 15
=852  41$aBritish Library$bHMNTS$jYK.2012.b.2491$ivol. 12
=852  41$aBritish Library$bHMNTS$jYK.2012.b.12591$ivol. 14
=852  41$aBritish Library$bHMNTS$jYK.2012.b.7795$ivol.13
=852  41$aBritish Library$bHMNTS$jYK.2011.b.11334$ivol. 8
=852  41$aBritish Library$bHMNTS$jYK.2011.b.11337$ivol. 9
=852  41$aBritish Library$bHMNTS$jYK.2011.b.11333$ivol. 7
=852  41$aBritish Library$bHMNTS$jYK.2011.b.14986
=852  41$aBritish Library$bHMNTS$jYK.2013.b.10090$ivol. 16
=852  41$aBritish Library$bHMNTS$jYK.2011.b.11336$ivol. 6
=852  41$aBritish Library$bHMNTS$jYK.2011.b.11332$ivol. 5
=852  41$aBritish Library$bHMNTS$ivol. 17
=CAT  \\$aBATCH-CIP$b00$c20080318$lBLL01$h1704
=CAT  \\$aBATCH$b00$c20080318$lBLL01$h1706
=CAT  \\$aBATCH$b00$c20080318$lBLL01$h1715
=CAT  \\$a12324$b40$c20090106$lBLL01$h1051
=CAT  \\$aBATCH-CIPC$b00$c20090317$lBLL01$h1703
=CAT  \\$a11317$b40$c20110801$lBLL01$h1532
=CAT  \\$a11317$b40$c20110801$lBLL01$h1547
=CAT  \\$a11317$b40$c20110801$lBLL01$h1558
=CAT  \\$a10876$b40$c20111031$lBLL01$h1542
=CAT  \\$a11317$b40$c20111103$lBLL01$h0848
=CAT  \\$a11317$b40$c20120229$lBLL01$h0912
=CAT  \\$a11317$b40$c20120720$lBLL01$h1052
=CAT  \\$a11029$b40$c20121213$lBLL01$h1342
=CAT  \\$a11317$b40$c20121219$lBLL01$h1056
=CAT  \\$a11029$b40$c20130405$lBLL01$h1031
=CAT  \\$a11317$b40$c20130925$lBLL01$h0927
=CAT  \\$a11168$b40$c20140115$lBLL01$h1419
=CAT  \\$a11317$b40$c20140321$lBLL01$h1433
=CAT  \\$aWR16_021$c20160619$lBLL01$h1809
=CAT  \\$aW1806-2088$c20180703$lBLL01$h1735
=FIN  \\$aY$d20110801
=SID  \\$aZ39$bOCLC
=LAS  \\$aW1806-2088$b00$c20180703$lBLL01$h1735

