=LDR  02044cam a2200493 a 4500
=001  014588709
=003  Uk
=005  20091110150052.0
=008  080415m20079999au\\\\\\\b\\\\000\0\ger\\
=FMT  \\$a  BK
=020  \\$a9789994480531 (T. 1 : pbk.)
=020  \\$a9789994480555 (pt. 2 : pbk.)
=040  \\$aUk$beng$cUk
=041  0\$ager$aeng
=042  \\$aukblsr
=245  00$aÄthiopien in den politischen Berichten der österreichischen Diplomatie =$bEthiopia in Austrian diplomatic reports /$cRudolf Agstner (Hrsg./editor).
=246  31$aEthiopia in Austrian diplomatic reports
=260  \\$aAddis Abeba :$bAustrian Embassy,$c2007-
=300  \\$av. ;$c24 cm.
=336  \\$atext$2rdacontent
=337  \\$aunmediated$2rdamedia
=338  \\$avolume$2rdacarrier
=490  1\$aOccasional paper / Austrian Embassy Addis Abeba ;$vno. 4/2007, 1/2008
=546  \\$aIn German and English; text of Pt. 2 in English.
=504  \\$aIncludes bibliographical references.
=505  1\$aTeil 1. 1948-1974: Die Epoche von Kaiser Haile Selassie = The period of Emperor Haile Selassie -- Pt. 2. 1974-1991: The Derg period.
=651  \0$aEthiopia$xPolitics and government$y1889-1974.
=651  \0$aEthiopia$xPolitics and government$y1974-1991.
=651  \0$aEthiopia$xForeign relations$y1889-1974.
=651  \0$aEthiopia$xForeign relations$y1974-1991.
=651  \0$aEthiopia$xForeign relations$zAustria.
=651  \0$aAustria$xForeign relations$zEthiopia.
=700  1\$aAgstner, Rudolf.
=710  1\$aAustria.$bBotschaft (Ethiopia).
=830  \0$aOccasional paper (Austria. Botschaft (Ethiopia)) ;$vno. 4/2007, 1/2008.
=852  41$aBritish Library$bHMNTS$jYD.2009.a.7763$ipt. 2
=852  41$aBritish Library$bHMNTS$iT. 1
=CAT  \\$a8197$b40$c20080415$lBLL01$h1116
=CAT  \\$a8197$b40$c20080415$lBLL01$h1119
=CAT  \\$a6470$b40$c20090819$lBLL01$h1200
=CAT  \\$a9665$b40$c20091110$lBLL01$h1500
=CAT  \\$aBATCH-UPD$b40$c20220428$lBLL01$h2055
=FIN  \\$aY$d20090819
=LAS  \\$aBATCH-UPD$b40$c20220428$lBLL01$h2055

