=LDR  01762aam a2200517 a 4500
=001  014596030
=003  Uk
=005  20090820222111.0
=008  080305s2008\\\\enk\\\\\\b\\\\001\0\eng\d
=FMT  \\$a  BK
=010  \\$a2008011848  
=015  \\$aGBA859287$2bnb
=016  7\$a014596030$2Uk
=020  \\$a9780749450588 (pbk.) :$c£12.99
=020  \\$a0749450584 (pbk.) :$c£12.99
=040  \\$aStDuBDS$beng$cStDuBDS$dUk
=042  \\$aukblsr
=082  00$a658.041$222
=100  1\$aReuvid, Jonathan.
=245  10$aWorking for yourself :$ban entrepreneur's guide to the basics.
=250  \\$a25th ed. /$bJonathan Reuvid.
=260  \\$aLondon :$bKogan Page,$c2008.
=300  \\$axv, 323 p. ;$c22 cm.
=336  \\$atext$2rdacontent
=337  \\$aunmediated$2rdamedia
=338  \\$avolume$2rdacarrier
=500  \\$aFormerly CIP.$5Uk
=650  \0$aSelf-employed$zGreat Britain.
=650  \0$aEntrepreneurship$zGreat Britain.
=650  \0$aNew business enterprises$zGreat Britain.
=690  7\$aManagement and Business Studies$2blcoll
=852  11$aBritish Library$bSTI$cBIPC$kSmall Business Help Section
=852  41$aBritish Library$bHMNTS$jYK.2008.a.25242
=BUF  \\$aN$d20080917
=CAT  \\$aBATCH-CIP$b00$c20080422$lBLL01$h1702
=CAT  \\$aBATCH$b00$c20080422$lBLL01$h1704
=CAT  \\$aBATCH$b00$c20080422$lBLL01$h1710
=CAT  \\$a10904$b40$c20080917$lBLL01$h1156
=CAT  \\$aBATCH$b00$c20090625$lBLL01$h1716
=CAT  \\$aBATCH-BUOC$b00$c20090820$lBLL01$h2219
=CAT  \\$aBATCH$b00$c20090820$lBLL01$h2221
=CAT  \\$aBATCH690$c20100715$lBLL01$h2107
=CAT  \\$aBATCH-MBS$c20100716$lBLL01$h2051
=CAT  \\$aWR16_021$c20160620$lBLL01$h1806
=FIN  \\$aY$d20080917
=LAS  \\$aWR16_021$b00$c20160620$lBLL01$h1806

