=LDR  01763 am a22004937a 4500
=001  014602730
=003  Uk
=005  20100915094613.0
=008  080313s2008\\\\enka\\\\\bc\\\001\0\eng\d
=FMT  \\$a  BK
=015  \\$aGBB0B1861$2bnb
=016  7\$a014602730$2Uk
=020  \\$a1904931405 (hbk.)
=020  \\$a1904931413 (pbk.)
=020  \\$a9781904931416 (ISBN-13 : pbk.)
=035  \\$a(OCoLC)226309339
=040  \\$aYUS$beng$cYUS$dUk
=042  \\$aukblsr
=082  04$a750.74421$222
=245  00$aOil paintings in public ownership in the Victoria and Albert Museum /$cAndrew Ellis, director ; Sonia Roe, editor ; V&A Photographic Studio, photography.
=246  14$aVictoria and Albert Museum
=260  \\$aLondon :$bPublic Catalogue Foundation,$c2008.
=300  \\$axiv, 370 p. :$bchiefly col. ill. ;$c30 cm.
=336  \\$atext$2rdacontent
=337  \\$aunmediated$2rdamedia
=338  \\$avolume$2rdacarrier
=490  0\$aOil paintings in public ownership
=504  \\$aIncludes bibliographical references and index.
=650  \0$aPainting$zEngland$zLondon$vCatalogs.
=610  20$aVictoria and Albert Museum$vCatalogs.
=650  \0$aArt museums$zEngland$zLondon$vCatalogs.
=700  1\$aRoe, Sonia.
=700  1\$aEllis, Andrew,$d1960-
=710  2\$aPublic Catalogue Foundation.
=852  41$aBritish Library$bHMNTS$jLC.31.b.7576
=852  41$aBritish Library$bOC$xStaff Reference
=CAT  \\$a9456$b40$c20080429$lBLL01$h1941
=CAT  \\$a1722$b40$c20080912$lBLL01$h1139
=CAT  \\$a1722$b40$c20080912$lBLL01$h1143
=CAT  \\$a12271$b40$c20091126$lBLL01$h1556
=CAT  \\$a9671$b40$c20100915$lBLL01$h0946
=CAT  \\$aWR16_021$c20160620$lBLL01$h1808
=FIN  \\$aY$d20080912
=LAS  \\$aWR16_021$b00$c20160620$lBLL01$h1808

