=LDR  01536 am a2200445 a 4500
=001  014612047
=003  Uk
=005  20081107110845.0
=008  080501s2008\\\\enkab\\\\\\\\\000\0\eng\d
=FMT  \\$a  BK
=015  \\$aGBA8C7630$2bnb
=016  7\$a014612047$2Uk
=020  \\$a9781906280109 (pbk.) :$c£4.50
=020  \\$a190628010X (pbk.) :$c£4.50
=040  \\$aUK-WkNB$beng$cUK-WkNB$dUk
=042  \\$aukblsr
=082  04$a929.342$222
=100  1\$aGibson, Jeremy Sumner Wycherley.
=245  10$aPoor Law Union records.$n2,$pThe Midlands and Northern England /$cJeremy Gibson and Colin Rogers.
=250  \\$a3rd ed. (2008 update).
=260  \\$aBury :$bFamily History Partnership,$c2008.
=300  \\$a68 p. :$bill., maps ;$c21 cm.
=336  \\$atext$2rdacontent
=337  \\$aunmediated$2rdamedia
=338  \\$avolume$2rdacarrier
=650  \0$aPoor$zEngland.
=650  \0$aPoor laws$zGreat Britain.
=650  \0$aPoor$zGreat Britain$xArchival resources.
=700  1\$aRogers, Colin,$d1936-
=710  2\$aFamily History Partnership (Organization)
=852  11$aBritish Library$bHMNTS$cSPHOA$kHLR Enquiry Desk 929.34
=852  41$aBritish Library$bHMNTS$jYC.2009.a.1700
=CAT  \\$aBATCH-CMLD$b00$c20080510$lBLL01$h1735
=CAT  \\$aBATCH$b00$c20080510$lBLL01$h1735
=CAT  \\$aBATCH$b00$c20080510$lBLL01$h1739
=CAT  \\$a8250$b40$c20081107$lBLL01$h1108
=CAT  \\$aWR16_021$c20160620$lBLL01$h1810
=FIN  \\$aY$d20081107
=SRC  \\$aNielsen Bookdata
=LAS  \\$aWR16_021$b00$c20160620$lBLL01$h1810

