=LDR  03407cam a2200541 a 4500
=001  014624618
=003  Uk
=005  20080528110433.0
=008  020305m20022006ne\\\\\\\b\\\\001\0\eng\\
=FMT  \\$a  BK
=010  \\$a2002025415
=020  \\$a9789004125155 (v. 1)
=020  \\$a9004125159 (v. 1)
=020  \\$a9789004152205 (v. 2)
=020  \\$a9004152202 (v. 2)
=035  \\$a(OCoLC)49305885$z(OCoLC)70064021
=040  \\$aDLC$cDLC$dOHX$dC#P$dWTS$dMUQ$dPGM$dNLGGC$dBAKER$dNDD$dBTCTA$dYDXCP$dUk
=042  \\$aukblsr
=050  00$aBM497.8$b.M55 2002
=072  \7$aBM$2lcco
=082  00$a296.12306$222
=084  \\$a11.21$2bcl
=245  04$aThe Mishnah in contemporary perspective /$cedited by Alan J. Avery-Peck and Jacob Neusner.
=260  \\$aLeiden ;$aBoston, Mass. :$bBrill,$c2002-2006.
=300  \\$a2 v. ;$c24 cm.
=336  \\$atext$2rdacontent
=337  \\$aunmediated$2rdamedia
=338  \\$avolume$2rdacarrier
=490  1\$aHandbook of oriental studies.$aSection one,$aThe Near and Middle East,$x0169-9423 ;$vv. 65, 87
=504  \\$aIncludes bibliographical references and indexes.
=505  0\$a[v. 1] The Mishnah viewed whole / Jacob Neusner -- The division of agriculture and second century Judaism : the holiness of the devastated land / Alan J. Avery-Peck -- The Mishnah in rabbinic context : Tosefta and Sifra / Jacob Neusner -- The Mishnah in Roman and Christian contexts / Jacob Neusner -- Appendix : Roman legal codification in the second century / Stephen A. Stertz -- The Mishnah and ancient book production / Catherine Hezser -- The Mishnah in the later Midrashim / Rivka Ulmer -- An aesthetic usage of scriptures in the ancient rabbinic legal codes / Herbert W. Basser -- Master and parent : comparative aspects of a dual loyalty (Mishnah Baba Meziah 2:11 and Mark 3:31-35) / Gerald J. Blidstein -- v. 2. Anecdotal evidence : the Yavneh conundrum, Birkat Hamminim, and the problem of Talmudic historiography / Daniel Boyarin -- On the quality of the rabbinic text : the opening of the Mishnah / Dalia Hoshen -- The construction of households in the Mishnah / Hayim Lapin -- The Mishnah in historical and religious context / Jacob Neusner -- The structure and implicit message of Mishnah Tractate Nazir / Simcha Fishbane -- Archaeology and the Mishnah's halakhic tradition : the case of stone vessels and ritual baths / Eyal Regev -- The poetics of the Mishnah / Avraham Walfish -- Why we cannot assume the historical reliability of attributions : the case of the houses in Mishnah-Tosefta Makhshirin / Jacob Neusner.
=630  00$aMishnah$xCriticism, interpretation, etc.$xHistory.
=630  06$aMishna$xCritique, interprétation, etc.$xHistoire.
=650  17$aMisjna.$2gtt
=650  17$aReceptie.$2gtt
=700  1\$aAvery-Peck, Alan J.$q(Alan Jeffery),$d1953-
=700  1\$aNeusner, Jacob,$d1932-2016.
=830  \0$aHandbuch der Orientalistik.$nErste Abteilung,$pNahe und der Mittlere Osten ;$v65., 87. Bd.
=852  41$aBritish Library$bHMNTS$jWP.B.42a/65, 87
=852  41$aBritish Library$bDSC$ivol. 2
=CAT  \\$a6098$b40$c20080523$lBLL01$h0918
=CAT  \\$a11250$b40$c20080528$lBLL01$h1104
=CAT  \\$aBATCH-UPD$b40$c20161014$lBLL01$h2112
=CAT  \\$aW1707-0052$c20170703$lBLL01$h1859
=CAT  \\$aW2308-1659$c20230923$lBLL01$h1123
=FIN  \\$aY$d20080528
=SID  \\$aZ39$bOCLC
=LAS  \\$aW2308-1659$b00$c20230923$lBLL01$h1123

