=LDR  01959cam a2200529 a 4500
=001  014627847
=003  Uk
=005  20220331225750.0
=008  080513s2008\\\\njua\\\\\\\\\\001\0\eng\d
=FMT  \\$a  BK
=015  \\$aGBA871779$2bnb
=016  7\$a014627847$2Uk
=020  \\$a9780470339459 (pbk.) :$c£15.99
=020  \\$a0470339454 (pbk.) :$c£15.99
=040  \\$aStDuBDS$beng$cStDuBDS$dUk
=042  \\$aukblsr
=082  04$a346.73048$222
=100  1\$aCharmasson, Henri.
=245  10$aPatents, copyrights & trademarks for dummies.
=250  \\$a2nd ed. /$bby Henri Charmasson and John Buchaca.
=260  \\$aHoboken, N.J. :$bWiley ;$aChichester :$bJohn Wiley [distributor],$cc2008.
=300  \\$axvi, 368 p. :$bill. ;$c24 cm. +$e1 CD-ROM.
=336  \\$atext$2rdacontent
=337  \\$aunmediated$2rdamedia
=338  \\$avolume$2rdacarrier
=500  \\$aIncludes index.
=500  \\$aFormerly CIP.$5Uk
=540  \\$aCurrent Copyright Fee: GBP32.00$c0$5Uk
=650  \0$aCopyright.
=650  \0$aPatent laws and legislation.
=650  \0$aIntellectual property$zUnited States$vPopular works.
=700  1\$aBuchaca, John.
=852  11$aBritish Library$bSTI$cBIPC$3Accompanying CD-ROM held at
=852  41$aBritish Library$bDSC$jVm08/.50654
=852  41$aBritish Library$bHMNTS$jEMC.2009.a.20
=985  \\$aPotential duplicate - ISBN matched when loading CiP record - no Legal Deposit order cr
=CAT  \\$aBATCH-CIP$b00$c20080527$lBLL01$h1703
=CAT  \\$aBATCH$b00$c20080527$lBLL01$h1704
=CAT  \\$aBATCH$b00$c20080527$lBLL01$h1711
=CAT  \\$a7000$b40$c20080908$lBLL01$h1718
=CAT  \\$a10743$b40$c20080909$lBLL01$h0955
=CAT  \\$aWR16_021$c20160620$lBLL01$h1813
=CAT  \\$aBATCH-CLAB$c20220330$lBLL01$h1527
=CAT  \\$aIPL-CLA$c20220331$lBLL01$h2257
=CFI  0\$aCurrent Copyright Fee: GBP32.00$c0$e01-apr-2022$fGBP32.00$g0$hC$5Uk
=FIN  \\$aY$d20080908
=LAS  \\$aIPL-CLA$b00$c20220331$lBLL01$h2257

