=LDR  02552pam a2200601 a 4500
=001  014633691
=003  Uk
=005  20091008092840.0
=008  080529m20082009nyua\\\j\6\\\\000\1\eng\d
=FMT  \\$a  BK
=015  \\$aGBA873649$2bnb
=016  7\$a014633691$2Uk
=020  \\$a9781593079871 (v. 1) :$c£32.99
=020  \\$a1593079877 (v. 1) :$c£32.99
=020  \\$a9781595822161 (v. 2) :$c£32.99
=020  \\$a159582216X (v. 2) :$c£32.99
=020  \\$a9781595823021 (v. 3) :$c£37.99
=020  \\$a1595823026 (v. 3) :$c£37.99
=040  \\$aStDuBDS$beng$cStDuBDS$dUk
=042  \\$aukblsr
=082  04$a741.5973$222
=100  1\$aHughes, Richard E.,$d1909-1974.
=245  10$aHerbie /$cwritten by Richard E. Hughes (writing as Shane O'Shea) ; illustrated by Ogden Whitney.
=246  18$aHerbie archives
=260  \\$aMilwaukie, Or. :$bDark Horse Books ;$a[London :$bDiamond, distributor],$c2008-2009.
=300  \\$a3 v. :$bchiefly col. ill. ;$c27 cm.
=336  \\$atext$2rdacontent
=337  \\$aunmediated$2rdamedia
=338  \\$avolume$2rdacarrier
=490  0\$aDark Horse archives
=500  \\$a"This volume collects material from Unknown worlds issue 20, Forbidden worlds issues 73, 94, 110, 114, and 116, and Herbie issues 1 through 5"--Vol. 1, t.p. verso.
=500  \\$a"This volume collects material from Herbie issues 6 through 14, originally published in 1964, 1965 and 1966"--Vol. 2, t.p. verso.
=500  \\$a"This volume collects material from Herbie issues #15 through #23, originally published in 1966 and 1967 by American Comics Group"--Vol. 3, t.p. verso.
=500  \\$aFormerly CIP.$5Uk
=650  \0$aScience fiction comic books, strips, etc.
=650  \0$aYoung adult fiction, American.
=700  1\$aWhitney, Ogden,$d1918-
=852  41$aBritish Library$bHMNTS$ivol. 2
=852  41$aBritish Library$bHMNTS$jYK.2009.b.7150$ivol. 3
=852  41$aBritish Library$bHMNTS$jYK.2009.b.805$ivol. 1
=985  \\$aRecord amended for WR# 13/070
=CAT  \\$aBATCH-CIP$b00$c20080603$lBLL01$h1702
=CAT  \\$aBATCH$b00$c20080603$lBLL01$h1704
=CAT  \\$aBATCH$b00$c20080603$lBLL01$h1710
=CAT  \\$a12271$b40$c20081120$lBLL01$h0901
=CAT  \\$a11317$b40$c20090129$lBLL01$h1305
=CAT  \\$a11317$b40$c20090527$lBLL01$h1353
=CAT  \\$a11317$b40$c20090527$lBLL01$h1354
=CAT  \\$a11317$b40$c20091008$lBLL01$h0928
=CAT  \\$aWR13_070$b00$c20130504$lBLL01$h0303
=CAT  \\$aWR16_021$c20160620$lBLL01$h1814
=FIN  \\$aY$d20090129
=LAS  \\$aWR16_021$b00$c20160620$lBLL01$h1814

