=LDR  01901cam a2200493 a 4500
=001  014637154
=003  Uk
=005  20120618115002.0
=008  080606m20082012hu\ac\\\\\\\\\000\0bhun\\
=FMT  \\$a  BK
=020  \\$a9789639684584 (v.1) :$c2995 Ft
=020  \\$a9789639919006 (v.2) :$c2995 Ft
=020  \\$a9786155013423 (v.3) :$c2995 Ft
=020  \\$a9789633540893 (v.4) :$c2995 Ft
=040  \\$aUk$beng$cUk$dUk
=042  \\$aukblsr
=100  1\$aBerecz, János.
=245  10$aKádár élt-- :$cBerecz János.
=260  \\$aBudapest :$bDuna International,$c[2008-2012].
=300  \\$a4 v. :$bill., ports. ;$c23 cm.
=336  \\$atext$2rdacontent
=337  \\$aunmediated$2rdamedia
=338  \\$avolume$2rdacarrier
=505  0\$aVol. 1. Aki nincs ellenünk-- -- vol. 2. --az velünk van! : munkatársa voltam -- vol. 3. Emberek, esetek, emlékek : avagy mire vadászott Kádár? -- vol. 4. 100 éves lenne.
=600  10$aKádár, János,$d1912-1989.
=650  \0$aCommunism$zHungary.
=650  \0$aPoliticians$zHungary$y20th century.
=852  41$aBritish Library$bHMNTS$jYF.2010.a.27381$iVolumes 3-4
=852  41$aBritish Library$bHMNTS$jYF.2010.a.7959$iVolumes 1-2
=852  41$aBritish Library$bHMNTS$iVol. 4
=CAT  \\$a9477$b40$c20080606$lBLL01$h1522
=CAT  \\$a9477$b40$c20080903$lBLL01$h1024
=CAT  \\$a9477$b40$c20081202$lBLL01$h1422
=CAT  \\$a9477$b40$c20090121$lBLL01$h1613
=CAT  \\$a9477$b40$c20100301$lBLL01$h1043
=CAT  \\$a9477$b40$c20100301$lBLL01$h1050
=CAT  \\$a9477$b40$c20100927$lBLL01$h1427
=CAT  \\$a9477$b40$c20101012$lBLL01$h1649
=CAT  \\$a9477$b40$c20120618$lBLL01$h1150
=CAT  \\$aBATCH-UPD$b40$c20130727$lBLL01$h1825
=CAT  \\$aBATCH-UPD$b40$c20131206$lBLL01$h2137
=CAT  \\$aW2308-1659$c20230923$lBLL01$h1124
=FIN  \\$aY$d20080903
=LAS  \\$aW2308-1659$b00$c20230923$lBLL01$h1124

