=LDR  01937aam a2200553 a 4500
=001  014641368
=003  Uk
=005  20081113221540.0
=008  080215s2008\\\\nyua\\\\\bf\\\001\0\eng\\
=FMT  \\$a  BK
=010  \\$a  2008007369
=015  \\$aGBA876152$2bnb
=016  7\$a014641368$2Uk
=020  \\$a9780815515814 (hbk.) :$c£175.00
=020  \\$a0815515812 (hbk.) :$c£175.00
=040  \\$aStDuBDS$beng$cStDuBDS$dUk
=042  \\$aukblsr
=050  00$aTP1160$b.H36 2008
=082  00$a668.4$222
=245  00$aHandbook of plastics joining :$ba practical guide /$cedited by Michael J. Troughton.
=250  \\$a2nd ed.
=260  \\$aNorwich, N.Y. :$bWilliam Andrew ;$aOxford :$bElsevier Science [distributor],$cc2008.
=300  \\$axxii, 590 p. :$bill. ;$c29 cm.
=336  \\$atext$2rdacontent
=337  \\$aunmediated$2rdamedia
=338  \\$avolume$2rdacarrier
=490  1\$aPDL handbook series
=500  \\$aFormerly CIP.$5Uk
=504  \\$aIncludes bibliographical references and index.
=650  \0$aPlastics$xWelding$vHandbooks, manuals, etc.
=700  1\$aTroughton, Michael John.
=830  \0$aPDL handbook series.
=852  41$aBritish Library$bDSC$jm08/.35275
=852  11$aBritish Library$bHMNTS$k(B)$h668.4
=BUF  \\$aN$d20081110
=CAT  \\$aBATCH-CIP$b00$c20080610$lBLL01$h1702
=CAT  \\$aBATCH$b00$c20080610$lBLL01$h1704
=CAT  \\$aBATCH$b00$c20080610$lBLL01$h1710
=CAT  \\$aBATCH$b00$c20080702$lBLL01$h0955
=CAT  \\$aBATCH$b00$c20080702$lBLL01$h0959
=CAT  \\$aBATCH-UPD$b00$c20080919$lBLL01$h0014
=CAT  \\$a10983$b40$c20081110$lBLL01$h1047
=CAT  \\$aBATCH-BUOC$b00$c20081113$lBLL01$h2215
=CAT  \\$aBATCH$b00$c20091217$lBLL01$h0529
=CAT  \\$aBATCH$b00$c20100103$lBLL01$h1321
=CAT  \\$aBATCH-UPD$b00$c20160124$lBLL01$h2050
=CAT  \\$aWR16_021$c20160621$lBLL01$h1803
=FIN  \\$aY$d20081110
=LAS  \\$aWR16_021$b00$c20160621$lBLL01$h1803

