=LDR  02239cam a22005417a 4500
=001  014664172
=003  Uk
=005  20221231221920.0
=008  080709s2007\\\\xxua\\\\\b\\\\100\0\eng\\
=FMT  \\$a  BK
=040  \\$aUk$beng$cUk
=CNF  \\$aWorld Dredging Congress$n(18th :$d2007 May :$cBuena Vista, FL)
=245  00$aProceedings of the eighteenth World Dredging Congress (WODCON XVIII) /$cedited by Robert E. Randall.
=260  \\$aBryan :$bNewman Printing,$c2007.
=300  \\$a2 v. :$bill. ;$c30 cm.
=336  \\$atext$2rdacontent
=337  \\$aunmediated$2rdamedia
=338  \\$avolume$2rdacarrier
=504  \\$aIncludes bibliographical references.
=591  \\$aPapers.
=540  \\$aCurrent Copyright Fee: GBP25.00$c0$5Uk
=653  1\$aDredging
=700  1\$aRandall, Robert E.,$d1940-
=852  41$aBritish Library$bDSC$i6849.934100$i18th v. 1
=852  41$aBritish Library$bDSC$j6849.934100$i18th v. 2
=945  \\$aProceedings of the world dredging congress ; no 18 pt 1-2 2007
=CAT  \\$a8149$b40$c20080709$lBLL01$h1642
=CAT  \\$a8962$b40$c20090227$lBLL01$h1139
=CAT  \\$aBATCH-CLA$b00$c20140810$lBLL01$h1356
=CAT  \\$aBATCH-CLA$b00$c20161222$lBLL01$h1823
=CAT  \\$aIPL-CLA$c20161230$lBLL01$h2308
=CAT  \\$aBATCH-CLA$b00$c20171222$lBLL01$h2151
=CAT  \\$aIPL-CLA$c20171231$lBLL01$h1735
=CAT  \\$aBATCH-CLA$b00$c20191219$lBLL01$h1747
=CAT  \\$aIPL-CLA$c20191231$lBLL01$h2006
=CAT  \\$aR2001-1524$c20200127$lBLL01$h2039
=CAT  \\$aBATCH-CLA$b00$c20200128$lBLL01$h0412
=CAT  \\$aBATCH-CLA$b00$c20201204$lBLL01$h1555
=CAT  \\$aIPL-CLA$c20201231$lBLL01$h2255
=CAT  \\$aBATCH-CLA$b00$c20221221$lBLL01$h1908
=CAT  \\$aIPL-CLA$c20221231$lBLL01$h2219
=CFI  0\$aCurrent Copyright Fee: GBP25.00$c0$e01-jan-2023$fGBP25.00$g0$hA$5Uk
=CFI  2\$aPrevious Copyright Fee: GBP22.50$c0$e01-jan-2021$fGBP22.50$g0$hA$5Uk
=FIN  \\$aY$d20090227
=ACF  \\$aPrevious Copyright Fee: GBP12.30$c0$e01-jan-2014$fGBP12.30$g0$hA$5Uk
=ACF  \\$aPrevious Copyright Fee: GBP15.00$c0$e01-jan-2017$fGBP15.00$g0$hA$5Uk
=ACF  \\$aPrevious Copyright Fee: GBP20.00$c0$e01-jan-2020$fGBP20.00$g0$hA$5Uk
=LAS  \\$aIPL-CLA$b00$c20221231$lBLL01$h2219

