=LDR  01901 am a2200505 a 4500
=001  014672416
=003  Uk
=005  20080731094836.0
=008  080617s2007\\\\xxuab\\\\b\\\\000\0\eng\d
=FMT  \\$a  BK
=035  \\$a(OCoLC)232236994
=040  \\$aUk$beng$cUk
=042  \\$aukblsr
=082  04$a551.69852$222
=100  1\$aNickl, Elsa C.
=245  10$aTeleconnections and climate in the Peruvian Andes /$cby Elsa C. Nickl.
=260  \\$aMiddletown :$bLegates Consulting LLC,$c2007.
=300  \\$avi, 43 p. :$bcol. ill., col. maps ;$c30 cm.
=336  \\$atext$2rdacontent
=337  \\$aunmediated$2rdamedia
=338  \\$avolume$2rdacarrier
=490  1\$aPublications in climatology ;$vv. LX, no. 2
=500  \\$aCo-published by: University of Delaware, Center for Climatic Research.
=504  \\$aIncludes bibliographical references.
=540  \\$aBritish Library not licensed to copy$c0$5Uk
=650  \0$aAtmospheric circulation$zPeru$zSierra.
=651  \0$aSierra (Peru)$xClimate.
=710  2\$aLegates Consulting.
=710  2\$aUniversity of Delaware.$bCenter for Climatic Research.
=830  \0$aPublications in climatology ;$vv. LX, no. 2
=852  41$aBritish Library$bDSC$j7126.990000$iv. 60, no. 2
=852  71$aBritish Library$bHMNTS$k(P)$hOP 30$m-E(3)$iv. LX, no. 2$2blsrissc
=CAT  \\$a6098$b40$c20080721$lBLL01$h1037
=CAT  \\$a6098$b40$c20080721$lBLL01$h1039
=CAT  \\$a6989$b40$c20080729$lBLL01$h1737
=CAT  \\$a6989$b40$c20080731$lBLL01$h0912
=CAT  \\$a11244$b40$c20080731$lBLL01$h0948
=CAT  \\$aBATCH$b00$c20091217$lBLL01$h0531
=CAT  \\$aBATCH$b00$c20100103$lBLL01$h1323
=CAT  \\$aBATCH-CLA$b00$c20130614$lBLL01$h0037
=CFI  0\$aBritish Library not licensed to copy$c0$e07-sep-2011$hC$iTX$5Uk
=FIN  \\$aY$d20080729
=SID  \\$aZ39$bOCLC
=TCO  \\$aTRS$bCCC$c008
=LAS  \\$aBATCH-CLA$b00$c20130614$lBLL01$h0037

