=LDR  02047cam a2200565 a 4500
=001  014692118
=003  Uk
=005  20230331165833.0
=008  080616s2009\\\\fluaf\\\\b\\\\001\0\eng\\
=FMT  \\$a  BK
=010  \\$a2008026505  
=015  \\$aGBA899175$2bnb
=016  7\$a014692118$2Uk
=020  \\$a9781420054521 (hbk.) :$c£52.99
=020  \\$a142005452X (hbk.) :$c£52.99
=040  \\$aStDuBDS$beng$cStDuBDS$dUk
=042  \\$aukblsr
=050  00$aTR256$b.S556 2009
=082  00$a771.33$222
=245  00$aSingle-sensor imaging :$bmethods and applications for digital cameras /$cedited by Ratislav Lukac.
=260  \\$aBoca Raton, Fla. :$bCRC ;$aLondon :$b[Taylor & Francis, distributor],$cc2009.
=300  \\$a573 p., [32] p. of plates :$bill. (some col.) ;$c26 cm.
=336  \\$atext$2rdacontent
=337  \\$aunmediated$2rdamedia
=338  \\$avolume$2rdacarrier
=490  0\$aImage processing series
=500  \\$aFormerly CIP.$5Uk
=504  \\$aIncludes bibliographical references and index.
=540  \\$aCurrent Copyright Fee: GBP34.00$c0$5Uk
=650  \0$aDigital cameras.
=650  \0$aImage processing$xDigital techniques.
=650  \0$aImage converters.
=700  1\$aLukac, Rastislav.
=852  11$aBritish Library$bHMNTS$k(B)$h771.33
=852  41$aBritish Library$bDSC$jm08/.33889
=BUF  \\$aN$d20081030
=CAT  \\$aBATCH-CIPN$b00$c20080812$lBLL01$h1702
=CAT  \\$aBATCH$b00$c20080812$lBLL01$h1704
=CAT  \\$aBATCH$b00$c20080812$lBLL01$h1711
=CAT  \\$aBATCH$b00$c20080904$lBLL01$h1558
=CAT  \\$aBATCH$b00$c20080904$lBLL01$h1606
=CAT  \\$a10775$b40$c20081030$lBLL01$h0724
=CAT  \\$aBATCH-BUOC$b00$c20090129$lBLL01$h2216
=CAT  \\$aBATCH$b00$c20090130$lBLL01$h1008
=CAT  \\$aWR16_021$c20160621$lBLL01$h1812
=CAT  \\$aBATCH-CLAB$c20230324$lBLL01$h1352
=CAT  \\$aIPL-CLA$c20230331$lBLL01$h1658
=CFI  0\$aCurrent Copyright Fee: GBP34.00$c0$e01-apr-2023$fGBP34.00$g0$hC$5Uk
=FIN  \\$aY$d20081030
=LAS  \\$aIPL-CLA$b00$c20230331$lBLL01$h1658

