=LDR  02084 am a2200469 a 4500
=001  014699227
=003  Uk
=005  20130327163923.0
=008  060702s1914\\\\ii\\\\\\\\\\\\000\p\tam\d
=FMT  \\$a  BK
=035  \\$a(OCoLC)70226523
=040  \\$aSACAT$beng$cSACAT$dUk
=041  0\$atam$asan
=042  \\$aukblsr
=100  0\$aŚaṭakōpa Yatīntra Mahātēśikan̲.
=240  10$aSatsampratāya muktāvali
=245  10$aŚrī Śaṭakōpa Yatīntra Mahātēśikan̲ aruḷic ceytatum atan̲ toṭarcciyumān̲a Satsampratāya muktāvali en̲n̲um Śrī sanniti kuruparamparai /$cPaccaiyappan̲ Kalācālai Tamiḻppaṇṭitarkaḷil oruvarān̲a Komāṇṭūr Anantacāryarāl ... patippikkappaṭṭatu.
=246  30$aŚrī sanniti kuruparamparai
=250  \\$aPutiya tiruttamān̲a patippu.
=260  \\$aTiruvallikkēṇi :$bKōmāṇṭūr Anantacāryar,$c1914$f(Śrī Vāṇipūṣaṇam Accukkūṭam)
=300  \\$a141, 30, 26 p. ;$c22 cm.
=336  \\$atext$2rdacontent
=337  \\$aunmediated$2rdamedia
=338  \\$avolume$2rdacarrier
=500  \\$aAccount of the greatness of the various Śrī Vaiṣṇava Ācāryās or Guruparaṃpara of the Ahōbhila Maṭam in chronological order, with a collection of poems in their praise.
=546  \\$aIn Tamil and Sanskrit in Grantha script.
=650  \0$aŚrī Vaishṇava (Sect)$vBiography.
=650  \0$aDevotional poetry, Tamil.
=700  1\$aAnantacāryar, Komāṇṭūr.
=852  41$aBritish Library$bOC$jpTam.D.3064
=852  41$aBritish Library$bOC$ppTam.D.3064
=CAT  \\$a8803$b40$c20080820$lBLL01$h1810
=CAT  \\$a8803$b40$c20080821$lBLL01$h1255
=CAT  \\$a8803$b40$c20080821$lBLL01$h1449
=CAT  \\$a8803$b40$c20080821$lBLL01$h1728
=CAT  \\$aBATCH-UPD$b40$c20080822$lBLL01$h1102
=CAT  \\$aBATCH-UPD$b40$c20080825$lBLL01$h2038
=CAT  \\$a8803$b40$c20130327$lBLL01$h1403
=CAT  \\$a8803$b40$c20130327$lBLL01$h1639
=FIN  \\$aY$d20080820
=SID  \\$aZ39$bOCLC
=LAS  \\$a8803$b40$c20130327$lBLL01$h1639

