=LDR  01903cam a2200433 i 4500
=001  014703482
=003  Uk
=005  20170605121137.0
=008  080827s1989\\\\enka\\\\\b\\\|0|1\0|eng\\
=FMT  \\$a  BK
=040  \\$aUk$beng$cUk$erda
=042  \\$aukblsr
=082  04$a328.410720922$223
=100  1\$aMcKay, W. R.,$eauthor.
=245  10$aClerks in the House of Commons, 1363-1989 :$ba biographical list /$cW.R. McKay, Clerk of the Journals, House of Commons ; with additional material by Sir John Sainty, Clerk of the Parliaments.
=264  \1$a[Great Britain] :$bHer Majesty's Stationery Office,$c1989.
=300  \\$a132 pages, 40 unnumbered pages :$billustrations (black and white) ;$c30 cm.
=336  \\$atext$2rdacontent
=337  \\$aunmediated$2rdamedia
=338  \\$avolume$2rdacarrier
=490  0\$aHouse of Lords Record Office occasional publications ;$vno. 3
=504  \\$aIncludes bibliographical references and index.
=610  10$aGreat Britain.$bParliament.$bHouse of Commons.$bClerk's Department$xOfficials and employees$vBiography.
=700  1\$aSainty, John Christopher,$econtributor.
=710  1\$aGreat Britain.$bParliament.$bHouse of Lords.$bRecord Office,$eissuing body.
=710  1\$aGreat Britain.$bHer Majesty's Stationery Office,$epublisher.
=852  41$aBritish Library$bHMNTS$kOPL$h942.0076
=852  41$aBritish Library$bHMNTS$jB.S.96/81.
=985  \\$aBritish State Papers Project - Catalogued from surrogate.
=CAT  \\$a7000$b40$c20080827$lBLL01$h1103
=CAT  \\$aBATCH$b00$c20091217$lBLL01$h0534
=CAT  \\$aBATCH$b00$c20100103$lBLL01$h1325
=CAT  \\$a5512$b40$c20130320$lBLL01$h1505
=CAT  \\$a8964$b40$c20130701$lBLL01$h1515
=CAT  \\$a8964$b40$c20130702$lBLL01$h1141
=CAT  \\$a8964$b40$c20130704$lBLL01$h0839
=CAT  \\$a8250$b40$c20170605$lBLL01$h1211
=FIN  \\$aY$d20080826
=LAS  \\$a8250$b40$c20170605$lBLL01$h1211

