=LDR  01587 am a2200445 a 4500
=001  014747173
=003  Uk
=005  20090929143655.0
=008  080703s2008\\\\enka\\\\\b\\\\000\0\eng\d
=FMT  \\$a  BK
=015  \\$aGBA993823$2bnb
=016  7\$a014747173$2Uk
=020  \\$a9781899764976 (pbk.) :$c£5.00
=020  \\$a1899764976 (pbk.) :$c£5.00
=040  \\$aUk$beng$cUk
=042  \\$aukblsr
=082  04$a741.6068$222
=245  00$aBusiness start-up guide for designers and makers, 2008 :$ba practical guide to setting up new or developing existing creative businesses /$cedited by Rachel Moses.
=250  \\$a4th rev. ed.
=260  \\$aLondon :$bDesign-Nation,$c[2008]
=300  \\$a80 p. :$bcol. ill. ;$c21 cm.
=336  \\$atext$2rdacontent
=337  \\$aunmediated$2rdamedia
=338  \\$avolume$2rdacarrier
=504  \\$aIncludes bibliographical references.
=650  \0$aNew business enterprises$zGreat Britain$xManagement.
=650  \0$aDesign services$zGreat Britain$xManagement.
=700  1\$aMoses, Rachel.
=710  2\$aDesign-Nation.
=852  11$aBritish Library$bSTI$cBIPC$kSmall Business Help Section
=852  41$aBritish Library$bHMNTS$jYK.2010.a.1573
=CAT  \\$aBATCH-CMLD$b00$c20080906$lBLL01$h1748
=CAT  \\$aBATCH$b00$c20080906$lBLL01$h1752
=CAT  \\$a10958$b40$c20090511$lBLL01$h1340
=CAT  \\$a9666$b40$c20090929$lBLL01$h0953
=CAT  \\$a10743$b40$c20090929$lBLL01$h1436
=CAT  \\$aWR16_021$c20160622$lBLL01$h1805
=FIN  \\$aY$d20090929
=SRC  \\$aNielsen Bookdata
=LAS  \\$aWR16_021$b00$c20160622$lBLL01$h1805

