=LDR  02005cam a2200481 a 4500
=001  014752751
=003  Uk
=005  20090105123730.0
=008  080912s2007\\\\vm\a\\\\\s\\\f000\0\vie\\
=FMT  \\$a  BK
=035  \\$a(OCoLC)248635891
=040  \\$aDMZ$cDMZ$dUk
=041  0\$aeng$avie
=043  \\$aa-vt---
=082  0\$a338.1/09597$221
=245  00$aKé̂t quả tỏ̂ng điè̂u tra nông thôn, nông nghiệp & thủy sản, 2006 =$bResults of the 2006 rural, agricultural and fishery census.
=246  30$aKết quả tổng điều tra nông thôn, nông nghiệp và thủy sản năm 2006
=246  31$aResults of the 2006 rural, agricultural and fishery census
=260  \\$aHà Nội :$bThó̂ng kê,$c2007.
=300  \\$a3 v. :$bcol. ill. ;$c25 cm.
=336  \\$atext$2rdacontent
=337  \\$aunmediated$2rdamedia
=338  \\$avolume$2rdacarrier
=500  \\$aAt head of title: Tổng cục thống kê.
=505  0\$aTạp 1. Ké̂t quả tỏ̂ng hơp chung = General results -- Tạp 2. Nông thôn = Rural situation -- Tạp 3. Nông nghiệp, lâm nghiệp và thủy sản = Agriculture, forestry and fishery.
=546  \\$aIn Vietnamese and English.
=650  \0$aAgriculture$zVietnam$vStatistics.
=650  \0$aFishery products$zVietnam$vStatistics.
=651  \0$aVietnam$vCensus, 2006.
=690  7\$aManagement and Business Studies$2blcoll
=710  1\$aVietnam.$bTổng cục thống kê.
=852  41$aBritish Library$bOC$jYP.2008.a.8489
=852  41$aBritish Library$bOC$ivol. 2
=852  41$aBritish Library$bOC$ivol. 1
=852  41$aBritish Library$bOC$ivol. 3
=CAT  \\$a11522$b40$c20080915$lBLL01$h1128
=CAT  \\$a12395$b40$c20090105$lBLL01$h1237
=CAT  \\$aBATCH$b00$c20090625$lBLL01$h1718
=CAT  \\$aBATCH-UPD$b00$c20130417$lBLL01$h2115
=CAT  \\$aW2308-1659$c20230923$lBLL01$h1129
=FIN  \\$aY$d20090105
=SID  \\$aZ39$bOCLC
=LAS  \\$aW2308-1659$b00$c20230923$lBLL01$h1129

