=LDR  01744cam a2200517 a 4500
=001  014753603
=003  Uk
=005  20090702144410.0
=008  071107s2007\\\\fi\a\\\\\b\\\\000\0\fin\\
=FMT  \\$a  BK
=010  \\$a  2007465565
=020  \\$a9789516932821
=040  \\$aDLC$cDLC$dUk
=042  \\$aukblsr
=100  10$aNiemelä, Kati.
=245  10$aRippikoulusta aikuisuuteen :$bpitkittäistutkimus rippikoulun merkityksestä ja vaikuttavuudesta /$cKati Miemelä.
=246  30$aPitkittäistutkimus rippikoulun merkityksestä ja vaikuttavuudesta
=260  \\$aTampere :$bKirkon tutkimuskeskus,$c2007.
=300  \\$a211 p. :$bkuvl. ;$c25 cm.
=336  \\$atext$2rdacontent
=337  \\$aunmediated$2rdamedia
=338  \\$avolume$2rdacarrier
=490  0\$aKirkon tutkimuskeskuksen julkaisuja,$x1459-2681 ;$v99
=504  \\$aIncludes bibliographical references.
=650  \0$aConfirmation$xLutheran Church.
=610  20$aSuomen evankelis-luterilainen kirkko$xInfluence.
=650  \0$aYouth$xReligious life$zFinland.
=650  \4$arippikoulu
=650  \4$avaikuttavuus
=650  \4$aasennemuutos
=650  \4$apysyvyys
=650  \4$akäsitykset
=650  \4$aasenteet
=650  \4$akirkko
=650  \4$auskontokasvatus
=710  2\$aKirkon tutkimuskeskus.
=852  41$aBritish Library$bHMNTS$jYF.2009.a.19827
=852  41$aBritish Library$bHMNTS$kP.101/2019[No.99]
=CAT  \\$a6160$b40$c20080916$lBLL01$h1426
=CAT  \\$a11071$b40$c20090702$lBLL01$h1443
=CAT  \\$a11071$b40$c20090702$lBLL01$h1444
=CAT  \\$aBATCH-UPD$b40$c20170128$lBLL01$h1758
=CAT  \\$aW2308-1659$c20230923$lBLL01$h1129
=FIN  \\$aY$d20090702
=SID  \\$aZ39$bLOC
=LAS  \\$aW2308-1659$b00$c20230923$lBLL01$h1129

