=LDR  02104cam a2200577 a 4500
=001  014778921
=003  Uk
=005  20220331230042.0
=008  081105s2010\\\\njua\\\\\bf\\\001\0\eng\\
=FMT  \\$a  BK
=010  \\$a2008047086  
=015  \\$aGBA9C4224$2bnb
=016  7\$a014778921$2Uk
=020  \\$a9780470187807 (hbk.) :$c£52.95
=020  \\$a0470187808 (hbk.) :$c£52.95
=035  \\$a(OCoLC)ocn230181220
=040  \\$aStDuBDS$beng$cStDuBDS$dUk
=042  \\$aukblsr
=050  00$aRC87.3$b.T87 2010
=082  00$a363.17$222
=100  1\$aTurkington, Robert.
=245  10$aChemicals used for illegal purposes :$ba guide for first responders to identify explosives, recreational drugs and poisons /$cRobert Turkington.
=260  \\$aHoboken :$bWiley,$cc2010.
=300  \\$ax, 456 p. :$bill. ;$c26 cm.
=336  \\$atext$2rdacontent
=337  \\$aunmediated$2rdamedia
=338  \\$avolume$2rdacarrier
=500  \\$aFormerly CIP.$5Uk
=504  \\$aIncludes bibliographical references and index.
=540  \\$aCurrent Copyright Fee: GBP32.00$c0$5Uk
=650  \0$aHazardous substances$xIdentification$vHandbooks, manuals, etc.
=650  \0$aFirst responders$vHandbooks, manuals, etc.
=852  11$aBritish Library$bSTI$k(B)543.02436325
=852  41$aBritish Library$bDSC$jm09/.38075
=BUF  \\$aN3$d20091214
=CAT  \\$aBATCH-APP$b00$c20081015$lBLL01$h1030
=CAT  \\$aBATCH$b00$c20081015$lBLL01$h1031
=CAT  \\$aBATCH$b00$c20081015$lBLL01$h1038
=CAT  \\$a10958$b40$c20091211$lBLL01$h0843
=CAT  \\$a9657$b40$c20091214$lBLL01$h1026
=CAT  \\$a9657$b40$c20091214$lBLL01$h1027
=CAT  \\$a9657$b40$c20091214$lBLL01$h1102
=CAT  \\$aBATCH-BUOC$b00$c20150326$lBLL01$h2123
=CAT  \\$aWR14_128$c20160226$lBLL01$h1625
=CAT  \\$aWR16_021$c20160622$lBLL01$h1811
=CAT  \\$aBATCH-CLAB$c20220330$lBLL01$h1645
=CAT  \\$aIPL-CLA$c20220331$lBLL01$h2300
=CFI  0\$aCurrent Copyright Fee: GBP32.00$c0$e01-apr-2022$fGBP32.00$g0$hC$5Uk
=FIN  \\$aY$d20091214
=SRC  \\$aHolt Jackson
=LAS  \\$aIPL-CLA$b00$c20220331$lBLL01$h2300

