=LDR  04351 am a2200889 i 4500
=001  014820730
=003  Uk
=005  20211013121220.0
=008  020125m20019999gw\\\\\\\\\\\|0|0\0|ger\\
=FMT  \\$a  BK
=020  \\$a3110161788$qv. 1-3
=020  \\$a3110180936$qv. 4
=020  \\$a3110180480$qv. 5
=020  \\$a9783110176704$qv. 6
=020  \\$a9783110199345$qv. 7
=020  \\$a9783110207583$qv. 8
=020  \\$a9783110228755$qv. 9
=020  \\$a9783110312690$qv. 10$qcased
=020  \\$z9783110312799$qv. 10$qe-ISBN (PDF)
=020  \\$z9783110383171$qv. 10$qe-ISBN (EPUB)
=020  \\$a9783110461107$qv. 11
=020  \\$a9783110592801$qv. 12
=040  \\$aUk$beng$cUk$erda
=042  \\$aukblsr
=100  1\$aNietzsche, Friedrich Wilhelm,$d1844-1900,$eauthor.
=240  10$aWorks.$kSelections
=245  14$aDer handschriftliche Nachlass ab Frühjahr 1885 in differenzierter Transkription /$cherausgegeben von Marie-Luise Haase und Michael Kohlenbach in Verbindung mit der Berlin-Brandenburgischen Akademie der Wissenschaften ; bearbeitet von Marie-Luise Haase [and others].
=250  \\$aKritische Gesamtausgabe.
=264  \1$aBerlin :$bW. de Gruyter,$c2001-2017.
=300  \\$a11 volumes ;$c25-40 cm +$e12 CD-ROMs.
=336  \\$atext$2rdacontent
=337  \\$aunmediated$2rdamedia
=337  \\$acomputer$2rdamedia
=338  \\$avolume$2rdacarrier
=338  \\$acomputer disc$2rdacarrier
=490  0\$aNietzsche Werke ;$v9. Abteilung
=505  1\$a1. Band. Notizheft N VII 1 -- 2. Band. Notizheft N VII 2 -- 3. Band. Notizheft N VII 3 ; Notizheft N VII 4 -- 4. Band. Arbeitshefte W13-W17 -- 5. Band. Arbeitshefte W18 -- 6. Band. Arbeitshefte W II 1 und W II 2 -- 7. Band. Arbeitshefte W II 3 und W II 4 -- 8. Band. Arbeitsheft W II 5 -- 9. Band. Arbeitshefte W II 6 und W II 7 -- 10. Band. Arbeitshefte W II 8 und W II 9 -- 11. Band. Arbeitsheft WII 10 sowie Aufzeichnungen aus diversen Heften -- 12. Band. Aufzeichnungen aus den Archivmappen Mp XIV, Mp XV und Mp XVI.
=500  \\$aVolumes 4-9: herausgegeben von Marie-Luise Haase und Martin Stingelin.
=500  \\$aVolumes 10-12: herausgegeben von Marie-Luise Haase und Hubert Thüring.
=500  \\$aEditors vary for individual volumes.
=530  \\$aAlso available electronically.
=500  \\$aEach volume accompanied by a CD-ROM.
=500  \\$aComplete in 13 volumes.
=650  \0$aPhilosophy.
=600  10$aNietzsche, Friedrich Wilhelm,$d1844-1900$vNotebooks, sketchbooks, etc.
=700  1\$aHaase, Marie-Luise,$eeditor.
=700  1\$aKohlenbach, Michael,$d1952-2020,$eeditor.
=700  1\$aStingelin, Martin,$d1963-$eeditor.
=700  1\$aThüring, Hubert,$eeditor.
=710  2\$aBerlin-Brandenburgische Akademie der Wissenschaften.
=852  41$aBritish Library$bHMNTS$jEMF.2011.b.71$i[Bd.7]
=852  41$aBritish Library$bHMNTS$i[Bd.12]
=852  41$aBritish Library$bHMNTS$jEMF.2012.b.41$i[Bd.8]
=852  41$aBritish Library$bHMNTS$jEMF.2017.b.73$i[Bd.11]
=852  41$aBritish Library$bHMNTS$jEMF.2016.b.66$i[Bd.10]
=852  41$aBritish Library$bHMNTS$jEMF.2012.b.6$i[Bd.9]
=852  41$aBritish Library$bHMNTS$jEMF.2007.a.35$i[Bd.3]
=852  41$aBritish Library$bHMNTS$jEMF.2007.b.13$i[Bd.5]
=852  41$aBritish Library$bHMNTS$jEMF.2007.a.37$i[Bd.1]
=852  41$aBritish Library$bHMNTS$jEMF.2008.b.72$i[Bd.6]
=852  41$aBritish Library$bHMNTS$jEMF.2007.a.36$i[Bd.2]
=852  41$aBritish Library$bHMNTS$jEMF.2007.b.14$i[Bd.4]
=985  \\$aAll pts in Abt. 9 have been given an emedia shelfmark (EMF). Corresponding item recs on the serial rec. should be set at item status 12 with individual items and holdings attached to the bib. rec.
=985  \\$aRecord amended for WR# 13/070
=CAT  \\$a11069$b40$c20081118$lBLL01$h1413
=CAT  \\$a6470$b40$c20081121$lBLL01$h1759
=CAT  \\$a11069$b40$c20111020$lBLL01$h1331
=CAT  \\$a11069$b40$c20120130$lBLL01$h1724
=CAT  \\$a6470$b40$c20120404$lBLL01$h1009
=CAT  \\$aWR13_070$b00$c20130504$lBLL01$h0307
=CAT  \\$aWR13_070C$c20130611$lBLL01$h1855
=CAT  \\$a11069$b40$c20160606$lBLL01$h1117
=CAT  \\$a11069$b40$c20171106$lBLL01$h1214
=CAT  \\$aBATCH-UPD$b40$c20210220$lBLL01$h1719
=CAT  \\$a11069$b40$c20211013$lBLL01$h1212
=FIN  \\$aY$d20081118
=LAS  \\$a11069$b40$c20211013$lBLL01$h1212

