=LDR  02307pam a2200577 a 4500
=001  014836886
=003  Uk
=005  20091020132713.0
=008  081120s2008\\\\nyua\\\\\6\\\\000\1\eng\d
=FMT  \\$a  BK
=015  \\$aGBA8D4099$2bnb
=016  7\$a014836886$2Uk
=020  \\$a9780785129462 (bk. 1 : cased) :$c£12.99
=020  \\$a0785129464 (bk. 1 : cased) :$c£12.99
=020  \\$a9780785129479 (bk. 1 : pbk.) :$c£9.99
=020  \\$a0785129472 (bk. 1 : pbk.) :$c£9.99
=020  \\$a9780785129486 (bk. 2 : cased) :$c£14.99
=020  \\$a0785129480 (bk. 2 : cased) :$c£14.99
=020  \\$a9780785129493 (bk. 2. : pbk.) :$c£10.99
=020  \\$a0785129499 (bk. 2 : pbk.) :$c£10.99
=020  \\$a9780785138297 (bk. 2 : direct ed. : pbk.) :$cNo price
=040  \\$aStDuBDS$beng$cStDuBDS$dUk
=042  \\$aukblsr
=082  04$a741.5973$222
=100  1\$aBendis, Brian Michael.
=245  14$aThe New Avengers.$pSecret invasion /$cwriter, Brian Michael Bendis ; artist, Michael Gaydos ... [et al.] ; letterer, RS & Comicraft's Albert Deschesne.
=246  30$aSecret invasion
=260  \\$aNew York, NY :$bMarvel Publishing,$c2008.
=300  \\$a2 v. :$bchiefly col. ill. ;$c27 cm.
=336  \\$atext$2rdacontent
=337  \\$aunmediated$2rdamedia
=338  \\$avolume$2rdacarrier
=490  0\$aThe New Avengers ;$vv. 8-9
=500  \\$a"Contains material originally published in magazine form as New Avengers #38-42"--Vol. 1, indicia.
=500  \\$a"... New Avengers #43-47"--Vol. 2, indicia.
=500  \\$aFormerly CIP.$5Uk
=650  \0$aAvengers (Fictitious characters)$vComic books, strips, etc.$vFiction.
=650  \0$aScience fiction comic books, strips, etc.
=700  1\$aGaydos, Michael.
=852  41$aBritish Library$bHMNTS$ibk. 1
=852  41$aBritish Library$bHMNTS$jYK.2009.b.7657$ibk. 2
=852  41$aBritish Library$bHMNTS$ibk. 2
=852  41$aBritish Library$bHMNTS$jYK.2009.b.7852$ibk. 1
=CAT  \\$aBATCH-CIPN$b00$c20081125$lBLL01$h1702
=CAT  \\$aBATCH$b00$c20081125$lBLL01$h1704
=CAT  \\$aBATCH$b00$c20081125$lBLL01$h1710
=CAT  \\$a10876$b40$c20090724$lBLL01$h1441
=CAT  \\$a11317$b40$c20091020$lBLL01$h1327
=CAT  \\$aWR16_021$c20160623$lBLL01$h1806
=FIN  \\$aY$d20091020
=LAS  \\$aWR16_021$b00$c20160623$lBLL01$h1806

