=LDR  04098pam a2201069 a 4500
=001  014837202
=003  Uk
=005  20150216143404.0
=008  090827m20099999nyua\\\\\6\\\\000\j\eng\\
=FMT  \\$a  BK
=015  \\$aGBA8D4415$2bnb
=016  7\$a014837202$2Uk
=020  \\$a9781595822451 (v. 1)
=020  \\$a1595822453 (v. 1)
=020  \\$a9781595823151 (v. 2)
=020  \\$a1595823158 (v. 2)
=020  \\$a9781595823694 (v. 3)
=020  \\$a1595823697 (v. 3)
=020  \\$a9781595824295 (v. 4)
=020  \\$a1595824294 (v. 4)
=020  \\$a9781595825254 (v. 5)
=020  \\$a1595825258 (v. 5)
=020  \\$a9781595825698 (v. 6)
=020  \\$a159582569X (v. 6)
=020  \\$a9781595827036 (v. 7)
=020  \\$a159582703X (v. 7)
=020  \\$a9781595827609 (v. 8)
=020  \\$a1595827609 (v. 8)
=020  \\$a9781595827739 (v. 9)
=020  \\$a1595827730 (v. 9)
=020  \\$a9781595827746 (v. 10)
=020  \\$a1595827749 (v. 10)
=020  \\$a9781595827753 (v. 11)
=020  \\$a1595827757 (v. 11)
=020  \\$a9781595829962 (v. 12)
=020  \\$a9781616550875 (v. 13)
=020  \\$a9781616551599 (v. 14)
=020  \\$a9781616552367 (v. 15)
=020  \\$a9781616554002 (16) :$c£37.99
=035  \\$a(OCoLC)434023159$z(OCoLC)244766688$z(OCoLC)317466105$z(OCoLC)430840733$z(OCoLC)489003335
=040  \\$aStDuBDS$beng$cStDuBDS$dUk
=042  \\$aukblsr
=082  04$a741.5973$222
=245  00$aEerie archives /$ceditor, Shawna Gore ; [artists, Eugene Colan ... et al. ; writers, Archie Goodwin ... et al.].
=260  \\$aMilwaukie, Or. :$bDark Horse Books,$c2009-
=300  \\$av. :$bchiefly ill. (some col.) ;$c29 cm.
=336  \\$atext$2rdacontent
=337  \\$aunmediated$2rdamedia
=338  \\$avolume$2rdacarrier
=500  \\$aEditors vary between volumes.
=500  \\$aIndividual issues originally published: [New York] : Warren Pub. Co., 1965-.
=505  1\$av. 1. Eerie 1-5 -- v. 2. Eerie 6-10 -- v. 4. Eerie 16-22 -- v. 5. Eerie 23-27 -- v. 7. Eerie 32-36 -- v. 8. Eerie 37-41 -- v. 9. Eerie 42-46 -- v. 10. Eerie 47-51 -- v. 12. Eerie 56-60 -- v. 13. Eerie 61-64 -- v. 14. Eerie 65-69 -- v. 15. Eerie 70-74 -- v. 16. Eerie 75-80.
=500  \\$aFormerly CIP.$5Uk
=650  \0$aHorror comic books, strips, etc.
=650  \0$aMonsters$vComic books, strips, etc.
=700  1\$aGore, Shawna.
=700  1\$aSimon, Philip R.
=700  1\$aColan, Gene.
=700  1\$aGoodwin, Archie.
=730  0\$aEerie.
=852  41$aBritish Library$bHMNTS$jYK.2013.b.8858$ivol.13
=852  41$aBritish Library$bHMNTS$ivol. 14
=852  41$aBritish Library$bHMNTS$ivol. 10
=852  41$aBritish Library$bHMNTS$ivol. 9
=852  41$aBritish Library$bHMNTS$ivol. 12
=852  41$aBritish Library$bHMNTS$jYK.2011.b.13614$ivol. 8
=852  41$aBritish Library$bHMNTS$ivol. 15
=852  41$aBritish Library$bHMNTS$jYK.2011.b.11328$ivol. 7
=852  41$aBritish Library$bHMNTS$jYK.2011.b.11330$ivol. 2
=852  41$aBritish Library$bHMNTS$jYK.2011.b.11331$ivol. 4
=852  41$aBritish Library$bHMNTS$jYK.2011.b.11329$ivol. 5
=852  41$aBritish Library$bHMNTS$jYKL.2015.b.909$ivol. 16
=CAT  \\$aBATCH-CIPN$b00$c20081125$lBLL01$h1702
=CAT  \\$aBATCH$b00$c20081125$lBLL01$h1704
=CAT  \\$aBATCH$b00$c20081125$lBLL01$h1711
=CAT  \\$a12271$b40$c20090727$lBLL01$h0922
=CAT  \\$a11317$b40$c20100305$lBLL01$h0921
=CAT  \\$a11317$b40$c20110801$lBLL01$h1602
=CAT  \\$a11317$b40$c20110801$lBLL01$h1608
=CAT  \\$a6524$b40$c20110922$lBLL01$h1104
=CAT  \\$a11317$b40$c20120305$lBLL01$h1433
=CAT  \\$a11168$b40$c20120717$lBLL01$h1400
=CAT  \\$a10876$b40$c20121212$lBLL01$h0748
=CAT  \\$a11317$b40$c20130412$lBLL01$h1045
=CAT  \\$a11250$b40$c20130819$lBLL01$h1129
=CAT  \\$a11317$b40$c20131203$lBLL01$h0816
=CAT  \\$a6923$b40$c20140319$lBLL01$h1121
=CAT  \\$a11250$b40$c20150216$lBLL01$h1434
=CAT  \\$aWR16_021$c20160623$lBLL01$h1806
=FIN  \\$aY$d20110801
=SID  \\$aZ39$bOCLC
=LAS  \\$aWR16_021$b00$c20160623$lBLL01$h1806

