=LDR  01432 am a2200385 a 4500
=001  014854760
=003  Uk
=005  20081217122753.0
=008  081211s2008\\\\ne\a\\\\\b\\\\000\0\eng\\
=FMT  \\$a  BK
=020  \\$a9789061433262 (set : pbk.)
=040  \\$aUk$beng$cUk
=041  0\$aeng$arus$ager
=042  \\$aukblsr
=245  00$aLiterature and beyond :$bfestschrift for Willem G. Weststeijn on the occasion of his 65th birthday /$cedited by Eric de Haard, Wim Honselaar, Jenny Stelleman.
=260  \\$aAmsterdam :$bUitgeverij Pegasus,$c2008.
=300  \\$a2 v. (959 p.) :$bill. ;$c23 cm.
=336  \\$atext$2rdacontent
=337  \\$aunmediated$2rdamedia
=338  \\$avolume$2rdacarrier
=504  \\$aIncludes bibliographical references, and a bibliography of Willem G. Weststeijn's publications 1973-2008.
=546  \\$aChapters in English, Russian or German.
=650  \0$aRussian literature$xHistory and criticism.
=650  \0$aLiterature$xHistory and criticism.
=700  1\$aWeststeijn, Willem G.
=700  1\$aHaard, Eric de.
=700  1\$aHonselaar, Wim.
=700  1\$aStelleman, Jenny.
=852  41$aBritish Library$bHMNTS$jYD.2008.a.10333$ivol. 1
=852  41$aBritish Library$bHMNTS$ivol. 2
=CAT  \\$a8197$b40$c20081211$lBLL01$h1456
=CAT  \\$a11250$b40$c20081217$lBLL01$h1226
=CAT  \\$a11250$b40$c20081217$lBLL01$h1227
=FIN  \\$aY$d20081217
=LAS  \\$a11250$b40$c20081217$lBLL01$h1227

