=LDR  03747cas a2200853 a 4500
=001  014877112
=003  Uk
=005  20221231222548.0
=007  ta
=008  090113d2001200uenkar\\\\\\\\f0\\\a0eng\\
=FMT  \\$a  SE
=015  \\$aGBA903952$2bnb
=040  \\$aUk$beng$cUk$dUk
=042  \\$aukblsr
=082  04$a338.4764130941$222
=110  20$aFood from Britain (Organization)
=245  10$aAnnual report & accounts /$cFood from Britain.
=246  3\$aAnnual report and accounts
=246  1\$iMinor title change:$aFood from Britain annual report and accounts,$f2006/07-
=260  \\$a[London] :$bFood from Britain,$c2003-
=260  3\$aLondon :$bThe Stationery Office
=300  \\$av. :$bill. (some col.), maps, ports. (some col.) ;$c30 cm.
=336  \\$atext$2rdacontent
=337  \\$aunmediated$2rdamedia
=338  \\$avolume$2rdacarrier
=362  0\$a2001/2002-
=530  \\$aAlso available online.
=588  \\$aLatest issue consulted: 2009/10.
=540  \\$aCurrent Copyright Fee: GBP25.00$c0$5Uk
=610  20$aFood from Britain (Organization)$vPeriodicals.
=610  20$aFood from Britain (Organization)$xFinance$vPeriodicals.
=650  \0$aFood industry and trade$zGreat Britain$vPeriodicals.
=650  \0$aFood industry and trade$xMarketing$zGreat Britain$vPeriodicals.
=690  7\$aManagement and Business Studies$2blcoll
=780  00$aFood from Britain (Organization).$tAnnual report
=852  41$aBritish Library$bDSC$j1501.946000$32009/2010
=852  11$aBritish Library$bSTI$cBIPC$kTrade Literature Collection$32001/2002-2003/2004
=945  \\$aAnnual report and accounts- Food from Britain
=959  \\$fHeld but not currently received
=CAT  \\$a8871$b40$c20090113$lBLL01$h1511
=CAT  \\$a8871$b40$c20090113$lBLL01$h1515
=CAT  \\$a7792$b40$c20100910$lBLL01$h1153
=CAT  \\$a8323$b40$c20110826$lBLL01$h0817
=CAT  \\$a12500$b40$c20110901$lBLL01$h1009
=CAT  \\$aBATCH-MBS$c20110909$lBLL01$h2102
=CAT  \\$aWR11_203$c20111204$lBLL01$h1514
=CAT  \\$aIPL-CLA$c20111230$lBLL01$h2032
=CAT  \\$a7792$b40$c20120903$lBLL01$h1059
=CAT  \\$aBATCH-CLA$c20131220$lBLL01$h2100
=CAT  \\$aIPL-CLA$c20140101$lBLL01$h0104
=CAT  \\$aBATCH-UPD$b00$c20151202$lBLL01$h0411
=CAT  \\$aBATCH-CLA$b00$c20161222$lBLL01$h1825
=CAT  \\$aIPL-CLA$c20161230$lBLL01$h2316
=CAT  \\$aBATCH-CLA$b00$c20171222$lBLL01$h2153
=CAT  \\$aIPL-CLA$c20171231$lBLL01$h1740
=CAT  \\$aBATCH-CLA$b00$c20191219$lBLL01$h1748
=CAT  \\$aIPL-CLA$c20191231$lBLL01$h2009
=CAT  \\$aR2001-1524$c20200127$lBLL01$h2042
=CAT  \\$aBATCH-CLA$b00$c20201204$lBLL01$h1556
=CAT  \\$aIPL-CLA$c20201231$lBLL01$h2259
=CAT  \\$aBATCH-CLA$b00$c20221221$lBLL01$h1910
=CAT  \\$aIPL-CLA$c20221231$lBLL01$h2225
=CFI  0\$aCurrent Copyright Fee: GBP25.00$c0$e01-jan-2023$fGBP25.00$g0$hA$5Uk
=CFI  2\$aPrevious Copyright Fee: GBP22.50$c0$e01-jan-2021$fGBP22.50$g0$hA$5Uk
=FIN  \\$aY$d20090113
=LKR  \\$aPAR$b009840182$lBLL01$nAnnual report (Food from Britain (Organization))$mAnnual report & accounts (Food from Britain (Organization))$r78000
=TCO  \\$aCLA$bCLA$c008
=ACF  \\$aPrevious copyright fee: GBP10.50$c0$e01-sep-2011$fGBP10.50$g0$hA$5Uk
=ACF  \\$aPrevious copyright fee: GBP12.00$c0$e01-jan-2012$fGBP12.00$g0$hA$5Uk
=ACF  \\$aPrevious Copyright Fee: GBP12.30$c0$e01-jan-2014$fGBP12.30$g0$hA$5Uk
=ACF  \\$aPrevious Copyright Fee: GBP15.00$c0$e01-jan-2017$fGBP15.00$g0$hA$5Uk
=ACF  \\$aPrevious Copyright Fee: GBP17.50$c0$e01-jan-2018$fGBP17.50$g0$hA$5Uk
=ACF  \\$aPrevious Copyright Fee: GBP20.00$c0$e01-jan-2020$fGBP20.00$g0$hA$5Uk
=LAS  \\$aIPL-CLA$b00$c20221231$lBLL01$h2225

