=LDR  03612 am a2200637 a 4500
=001  014882842
=003  Uk
=005  20090324163601.0
=008  980421m18641867pl\\\\\\\\\\\\000\0\hebrd
=FMT  \\$a  BK
=035  \\$a(OCoLC)122846079
=040  \\$aCU$cVXJ$dOCLCG$dUk
=042  \\$aukblsr
=050  \4$aBM497$b1864
=130  0\$aMishnah.$lHebrew.$f1864.
=245  10$6880-01$aMishnayot :$bʿim perush ... ʿOvadyah mi-Barṭenura, ʿiḳar Tosfot Yom Ṭov ... ṿe-nosaf ʿalehem perush ... Tifʾeret Yiśraʾel /$c... yatsa paʿam sheni la-or ʿolam be-tosfot merubot mi-yede ha-meḥaber gam hagahot ṿe-ḥidushim mi-ben rabenu ha-meḥaber ṿe-ʿod nitṿasef ḳunṭeres Misgeret zahav.
=246  15$aMisznajoth : z dodanym nowym komentarzem Tyfereth Israel
=246  10$aTyfereth Israel
=246  15$6880-02$aMishnayot ʿim ha-perush Ḥokhmat Elohim, ṿe-hu ḥeleḳ ... mi-sifre Tifʾeret Yiśraʾel / ḥibero Yiśraʾel Lipshiṭts ben Gedalyah
=250  \\$6880-03$aṿe-ʿatah yatsa paʿam 2.
=260  \\$6880-04$aṾarsha :$bYitsḥaḳ Goldman ;$bAleksander Ginz,$c[1864-1867]
=300  \\$a6 v. ;$c23 cm.
=336  \\$atext$2rdacontent
=337  \\$aunmediated$2rdamedia
=338  \\$avolume$2rdacarrier
=500  \\$aVols. 1-2 published by Y. Goldman, vols. 3-6 published by A. Ginz.
=505  0\$a1. Seder Zeraʿim - 2. Seder Moʿed -- 3. Seder Nashim -- 4. Seder Neziḳin -- 5. Seder Ḳodashim -- 6. Seder Ṭohorot.
=630  00$aMishnah$vCommentaries.
=740  0\$6880-05$aTifʾeret Yiśraʾel.
=740  0\$6880-06$aTosfot Yom Ṭov.
=740  0\$6880-07$aMisgeret zahav.
=752  \\$aPoland$dWarsaw
=700  1\$aBertinoro, Obadiah,$dapproximately 1450-approximately 1516.
=700  1\$aLipschuetz, Baruch Isaac ben Israel,$d1812-1877.
=700  1\$aLipschutz, Israel ben Gedaliah,$d1782-1860.$tTiferet Yiśraʼel.
=880  10$6245-01//r$aמשניות :$bעם פירוש ... עובדיה מברטנורה, עיקר תוספות יום טוב ... ונוסף עליהם פירוש ... תפארת ישראל /$c... יצא פעם שני לאור עולם בתוספות מרובות מידי המחבר גם הגהות וחדושים מבן רבינו המחבר ועוד נתוסף קונטרס מסגרת זהב.
=880  15$6246-02//r$aמשניות : עם הפירוש חכמת אלהים והוא חלק אלוה ממעל מספרי תפארת ישראל / חברו ישראל ליפשיטץ בן גדליהו
=880  \\$6250-03//r$aועתה יצא פעם שני ... בתוספות מרובות מידי ... המחבר. גם הרבה הגהות וחידושים מבן המחבר ברוך יצחק ... מסגרת זהב.
=880  \\$6260-04//r$aווארשא :$bיצחק גאלדמאן ;$bאלכסנדר גינז,$cשנת תרכ״ד־תרל״ג [1872־1864]
=880  0\$6740-05//r$aתפארת ישראל.
=880  0\$6740-06//r$aתוספות יום טוב.
=880  0\$6740-07//r$aמסגרת זהב.
=852  41$aBritish Library$bOC$j1950.d.9.
=852  41$aBritish Library$bOC$j1950.d.10.
=852  41$aBritish Library$bOC$j1950.d.11.
=852  41$aBritish Library$bOC$j1950.d.12.
=852  41$aBritish Library$bOC$m1950.d.7.
=852  41$aBritish Library$bOC$j1950.d.8.
=985  \\$aRecord amended for WR# 13/070
=CAT  \\$a11837$b40$c20090120$lBLL01$h1347
=CAT  \\$a11837$b40$c20090324$lBLL01$h1636
=CAT  \\$aWR13_070$b00$c20130504$lBLL01$h0309
=CAT  \\$aBATCH-UPD$b00$c20170203$lBLL01$h2050
=FIN  \\$aY$d20090324
=SID  \\$aZ39$bOCLC
=LAS  \\$aBATCH-UPD$b00$c20170203$lBLL01$h2050

