=LDR  02689 am a2200613 i 4500
=001  014891869
=003  Uk
=005  20180928115836.0
=008  141201s2007\\\\cc\\\\\\\\\\\\000\0\tibod
=FMT  \\$a  BK
=020  \\$a780589079X
=020  \\$a9787805890791
=035  \\$a(OCoLC)897141698
=040  \\$aUk$beng$cUk$erda
=042  \\$aukblsr
=043  \\$aa-cc-ti
=100  0\$aPa-saṅs-dbaṅ-ʾdus,$eauthor.
=245  10$aGtam shul dgaʾ thang ʾbum pa che nas gsar du rnyed paʾi Bon gyi gnaʾ dpe bdams bsgrigs /$cdpe sgrig pa, Pa-tshab-pa Pa-sangs-dbang-ʾdus, Glang-ru Nor-bu-tshe-ring.
=250  \\$aPar gzhi dang po.
=260  \\$aLha sa :$bBod ljons dpe rnying dpe skrun khang,$c2007.
=300  \\$a8, 242 pages ;$c30 cm
=336  \\$atext$2rdacontent
=337  \\$aunmediated$2rdamedia
=338  \\$avolume$2rdacarrier
=520  \\$aOld Tibetan manuscripts dating to the Tibetan Imperial Period (7th-9th centuries) recovered in 2006 from the Dgaʾ-thaṅ ʾbum pa che reliquary located in Mtsho-smad rdzong [Tsome County, Tibet Autonomous Region], in facsimile and with transcriptions.
=546  \\$aIn Tibetan.
=650  \0$aManuscripts, Tibetan$zChina$zTibet Autonomous Region$vFacsimiles.
=650  \0$aBuddhism$zChina$zTibet Autonomous Region$vSources.
=650  \0$aBon (Tibetan religion)$zChina$zTibet Autonomous Region$vSources.
=651  \0$aTibet Autonomous Region (China)$xHistory$vSources.
=650  \7$aBon (Tibetan religion)$2fast$0(OCoLC)fst01429953
=650  \7$aBuddhism.$2fast$0(OCoLC)fst00840028
=650  \7$aManuscripts, Tibetan.$2fast$0(OCoLC)fst01008517
=651  \7$aChina$zTibet Autonomous Region.$2fast$0(OCoLC)fst01758817
=655  \7$aFacsimiles.$2fast$0(OCoLC)fst01411642
=655  \7$aHistory.$2fast$0(OCoLC)fst01411628
=655  \7$aSources.$2fast$0(OCoLC)fst01423900
=700  0\$aNor-bu-tshe-riṅ,$d1979-$eauthor.
=710  2\$aXizang Zizhiqu she hui ke xue yan jiu yuan.$bMi rigs źib ʾjug tshan pa.
=852  41$aBritish Library$bOC$xStaff reference B. Quessel
=852  41$aBritish Library$bOC$jYP.2009.b.416
=CAT  \\$a12887$b40$c20090129$lBLL01$h1602
=CAT  \\$a12887$b40$c20090129$lBLL01$h1603
=CAT  \\$aOC-CORR$c20101126$lBLL01$h1024
=CAT  \\$aBATCH-UPD$b00$c20101126$lBLL01$h1039
=CAT  \\$a14760$b40$c20170602$lBLL01$h1724
=CAT  \\$aBATCH-UPD$b40$c20170602$lBLL01$h1725
=CAT  \\$a14760$b40$c20170609$lBLL01$h1520
=CAT  \\$a10804$b40$c20180928$lBLL01$h1158
=CAT  \\$aBATCH-UPD$b40$c20180928$lBLL01$h1159
=CAT  \\$aW1806-0111$c20190827$lBLL01$h1521
=FIN  \\$aY$d20170609
=SID  \\$aZ39$bOCLC
=LAS  \\$aW1806-0111$b00$c20190827$lBLL01$h1521

