=LDR  01520 am a2200397 a 4500
=001  014892592
=003  Uk
=005  20090408111040.0
=008  090130s2008\\\\sp\abco\\b\\\\000\0\spar\
=FMT  \\$a  BK
=020  \\$a9788448251048
=040  \\$aUk$beng$cUk
=041  0\$aspa$aeng
=042  \\$aukblsr
=110  2\$aInstitut Valencià d'Art Modern.
=245  10$aIndia moderna :$bIVAM Institut Valencià d'Art Modern, 11 diciembre 2008-15 febrero 2009 /$c[dirección y edición, Juan Guardiola].
=260  \\$aValencia :$bIVAM Institut Valencià d'Art Modern,$c2008.
=300  \\$a357, [2] p. :$bill. (some col.), map, ports. ;$c29 cm.
=336  \\$atext$2rdacontent
=337  \\$aunmediated$2rdamedia
=338  \\$avolume$2rdacarrier
=500  \\$a"Exposición organizada por el IVAM y Casa Asia en colaboración con el Ministerio de Cultura del Estado español." - t.p. verso.
=504  \\$aBibliography: p. 325-329.
=546  \\$aIn Spanish. "English texts" p. 345-[358].
=650  \0$aArt, Modern$y20th century$vExhibitions.
=650  \0$aArt, Modern$y21st century$vExhibitions.
=650  \0$aArt, Indic$vExhibitions.
=700  1\$aGuardiola, Juan.
=710  2\$aCasa Asia.
=852  41$aBritish Library$bOC$xStaff Reference.
=852  41$aBritish Library$bOC$jLF.31.b.5543
=CAT  \\$a9456$b40$c20090130$lBLL01$h1852
=CAT  \\$a4039$b40$c20090408$lBLL01$h1110
=CAT  \\$aBATCH-UPD$b40$c20170419$lBLL01$h2024
=FIN  \\$aY$d20090408
=LAS  \\$aBATCH-UPD$b40$c20170419$lBLL01$h2024

