=LDR  03424cam a2201045 a 4500
=001  014899824
=003  Uk
=005  20091123161219.0
=008  030725m20039999ii\\\\\\\\\\\\000\0\eng\\
=FMT  \\$a  BK
=010  \\$a2003310930
=020  \\$a8170307716 (set)
=020  \\$a9788170307716 (set)
=020  \\$a8170307708 (v.1)
=020  \\$a9788170307709 (v.1)
=020  \\$a8170307767 (v.2)
=020  \\$a9788170307761 (v.2)
=020  \\$a8170307775 (v.3)
=020  \\$a9788170307778 (v.3)
=020  \\$a8170307880 (v.4)
=020  \\$a9788170307884 (v.4)
=020  \\$a8170307899 (v.5)
=020  \\$a9788170307891 (v.5)
=020  \\$a8170307902 (v.6)
=020  \\$a9788170307907 (v.6)
=020  \\$a8170307929 (v.7)
=020  \\$a9788170307921 (v.7)
=020  \\$a817030802X (v.8)
=020  \\$a9788170308027 (v.8)
=020  \\$a8170308038 (v.9)
=020  \\$a9788170308034 (v.9)
=020  \\$a8170308062 (v.10)
=020  \\$a9788170308065 (v.10)
=020  \\$a8170308240 (v.11)
=020  \\$a9788170308249 (v.11)
=020  \\$a8170308291 (v.12)
=020  \\$a9788170308294 (v.12)
=020  \\$a8170308305 (v.13)
=020  \\$a9788170308300 (v.13)
=020  \\$a817030833X (v.14)
=020  \\$a9788170308331 (v.14)
=020  \\$a8170308348 (v.15)
=020  \\$a9788170308348 (v.15)
=020  \\$a8170308445 (v. 17)
=020  \\$a9788170308447 (v. 17)
=020  \\$a8170308569 (v.18)
=020  \\$a9788170308560 (v.18)
=020  \\$a8170308607 (v.19)
=020  \\$a9788170308607 (v.19)
=020  \\$a8170308615 (v.20)
=020  \\$a9788170308614 (v.20)
=020  \\$a8170308674 (v.21)
=020  \\$a9788170308676 (v.21)
=020  \\$a8170308852 (v.22)
=020  \\$a9788170308850 (v.22)
=020  \\$a8170308917 (v.23)
=020  \\$a9788170308911 (v.23)
=020  \\$a817030895X (v.24)
=020  \\$a9788170308959 (v.24)
=020  \\$a8170308968 (v.25)
=020  \\$a9788170308966 (v.25)
=025  \\$aI-San-2003-310930; 03
=035  \\$a(OCoLC)53097583
=037  \\$bLibrary of Congress -- New Delhi Overseas Office$cRs1750.00 (for three vols.)
=040  \\$aDLC$beng$cDLC$dIUL$dNLGGC$dBTCTA$dIXA$dOCLCG$dIUL$dAU@$dDKAGE$dIUL$dUk
=041  1\$aeng$asan$hsan
=042  \\$aukblsr
=050  00$aBL1289.592.V35$bA263 2003 vol. 1, etc
=082  04$a294.592 5$222
=100  0\$aVallabhācārya,$d1479-1531?.
=240  10$aSubodhinī.$n10. skandha.$lEnglish & Sanskrit
=245  10$aŚrīsubodhinī =$bSri Subodhini : commentary on Srimad Bhāgavata Purāṇa by Vallabhācārya.
=246  31$aSri Subodhini
=260  \\$aDelhi :$bSri Satguru Publications,$c2003-
=300  \\$av. ;$c23 cm.
=336  \\$atext$2rdacontent
=337  \\$aunmediated$2rdamedia
=338  \\$avolume$2rdacarrier
=490  0\$aCollected works of Shri Vallabhācārya series ;$vno. 1-25
=546  \\$aParallel text in Sanskrit and English translation.
=630  00$aPuranas.$pBhāgavatapurāṇa$vCommentaries$vEarly works to 1800.
=852  41$aBritish Library$bOC$ivol. 21
=852  41$aBritish Library$bOC$jYD.2009.a.8559
=CAT  \\$a12887$b40$c20090210$lBLL01$h1523
=CAT  \\$a6989$b40$c20091123$lBLL01$h1612
=CAT  \\$aBATCH-UPD$b40$c20170123$lBLL01$h2036
=CAT  \\$aW2308-1659$c20230923$lBLL01$h1135
=FIN  \\$aY$d20091123
=SID  \\$aZ39$bOCLC
=LAS  \\$aW2308-1659$b00$c20230923$lBLL01$h1135

