=LDR  01945 am a2200493 a 4500
=001  014936300
=003  Uk
=005  20100527152014.0
=008  090313s2008\\\\stkb\\\\\b\\\o000\0\eng\c
=FMT  \\$a  BK
=015  \\$aGBA929723$2bnb
=016  7\$a014936300$2Uk
=035  \\$a(StEdNL)4244325
=040  \\$aStEdNL$beng$cStEdNL$dUk
=042  \\$aukscp
=043  \\$ae-uk-st
=082  04$a581.9414$222
=245  00$aNational vegetation classification (NVC) survey, selected sites of special scientific interest (SSSI), Strathclyde & Ayrshire.
=260  \\$a[Inverness?] :$bSNH,$cc2008.
=300  \\$a6 v. :$bcol. maps ;$c30 cm.
=336  \\$atext$2rdacontent
=337  \\$aunmediated$2rdamedia
=338  \\$avolume$2rdacarrier
=490  1\$aCommissioned report ;$vno. 276
=505  0\$apt. 1. North & East Ayrshire -- pt. 2. South Ayrshire -- pt. 3. North & South Lanarkshire -- pt. 4. East & West Dunbartonshire -- pt. 5. City of Glasgow & Inverclyde -- pt. 6. Renfrewshire.
=500  \\$a"(ROAME NO. F05LI01)."
=504  \\$aIncludes bibliographical references.
=650  \0$aVegetation surveys$zScotland$zStrathclyde.
=650  \0$aVegetation classification$zScotland$zAyrshire.
=710  2\$aScottish Natural Heritage (Agency)
=830  \0$aCommissioned report (Scottish Natural Heritage (Agency)) ;$v276.
=852  41$aBritish Library$bHMNTS$ipt. 2
=852  41$aBritish Library$bHMNTS$ipt. 3
=852  41$aBritish Library$bHMNTS$jOPA.2010.x.988$ipt. 1
=852  41$aBritish Library$bHMNTS$ipt. 4
=852  41$aBritish Library$bHMNTS$ipt. 5
=852  41$aBritish Library$bHMNTS$ipt. 6
=985  \\$aLDLSCP record - no ISBN match on import to BLL01
=CAT  \\$aBATCH-LDLN$b00$c20090323$lBLL01$h2122
=CAT  \\$a6989$b40$c20100527$lBLL01$h1210
=CAT  \\$a6989$b40$c20100527$lBLL01$h1520
=CAT  \\$aWR16_021$c20160624$lBLL01$h1811
=FIN  \\$aY$d20100527
=LAS  \\$aWR16_021$b00$c20160624$lBLL01$h1811

