=LDR  01468ccm a22003973  4500
=001  014955608
=003  Uk
=005  20220428121325.0
=008  071020s18uu\\\\enk||||\\\\\\\\||\||und\\
=FMT  \\$a  MU
=019  m\$aM08050206
=040  \\$aUk$beng$cUk
=082  14$a780$215
=100  1\$aAuber, D. F. E.$q(Daniel François Esprit),$d1782-1871.
=240  10$aDiamants de la couronne.$kSelections;$oarranged
=245  10$aMelange on Airs from Les Diamans [sic] de la Couronne, for the Concertina, With an accompaniment for the Piano Forte,... /$cby Giulio Regondi.
=260  \\$aLondon :$bWheatstone & Co.,$c[18-?]
=300  \\$aPiano part only.
=336  \\$anotated music$2rdacontent
=337  \\$aunmediated$2rdamedia
=338  \\$avolume$2rdacarrier
=500  \\$awho claim that concertina part is NIS.
=700  1\$aRegondi, Giulio,$d1822-1872.
=852  \1$aBritish Library$bDSC$cMUSIC
=852  41$aBritish Library$bDSC$cMUSIC$jFilm Box MUS9
=CAT  \\$aBATCH-UCMN$b00$c20090327$lBLL01$h1857
=CAT  \\$aBATCH$b00$c20090329$lBLL01$h0945
=CAT  \\$a9081$b40$c20100216$lBLL01$h1056
=CAT  \\$a11814$b40$c20100223$lBLL01$h1416
=CAT  \\$aBATCH-UPD$b40$c20101009$lBLL01$h1045
=CAT  \\$aBATCH-UPD$b40$c20101205$lBLL01$h2217
=CAT  \\$aWR15_100$c20150915$lBLL01$h0352
=CAT  \\$aMFISHER$b40$c20220428$lBLL01$h1213
=FIN  \\$aY$d20090327
=SRC  \\$aDSC Music (UCM)$b20090327
=LAS  \\$aMFISHER$b40$c20220428$lBLL01$h1213

