=LDR  01168 cm a22003733  4500
=001  015055672
=003  Uk
=005  20150918234100.0
=008  071020s1865\\\\|||||||\\\\\\\\||\||und\\
=FMT  \\$a  MU
=019  m\$aM08090364
=028  32$aEP228a
=028  22$a4551
=040  \\$aUk$beng$cUk
=082  14$a780$215
=100  1\$aBach, Johann Sebastian,$d1685-1750.
=240  10$aSonatas, Violin, BWV 1001-6
=245  10$aSechs Sonaten für violine solo /$cEd. J. Hellmes-berger.
=260  \\$a[S.l.] :$bPeters,$cca.(1865)
=336  \\$anotated music$2rdacontent
=337  \\$aunmediated$2rdamedia
=338  \\$avolume$2rdacarrier
=700  1\$aHellmes-berger, J.
=852  41$aBritish Library$bDSC$cMUSIC$jW85/1289
=852  41$aBritish Library$bDSC$cMUSIC
=CAT  \\$aBATCH-UCMN$b00$c20090327$lBLL01$h1935
=CAT  \\$aBATCH$b00$c20090329$lBLL01$h1110
=CAT  \\$a9081$b40$c20090922$lBLL01$h1438
=CAT  \\$a9081$b40$c20090922$lBLL01$h1439
=CAT  \\$a9081$b40$c20090923$lBLL01$h0836
=CAT  \\$aWR15_100$c20150918$lBLL01$h2341
=FIN  \\$aY$d20090327
=SRC  \\$aDSC Music (UCM)$b20090327
=LAS  \\$aWR15_100$b00$c20150918$lBLL01$h2341

