=LDR  01520cam a2200457 i 4500
=001  020652580
=003  Uk
=005  20230715141034.0
=008  220616s2022\\\\nyua\\\\\b\\\|0|1|0|eng\d
=FMT  \\$a  BK
=010  \\$a2021051185
=015  \\$aGBC2A5706$2bnb
=016  7\$a020652580$2Uk
=020  \\$a9780197529652$qhardback
=020  \\$z9780197641149$qepub
=020  \\$z9780197602591
=024  7\$z10.1093/med/9780197529652 .001.0001$2doi
=040  \\$aStDuBDS$beng$cStDuBDS$dUk$erda
=042  \\$aukblsr
=082  04$a616.8$223
=245  00$aTremors /$cedited by Claudia M. Testa, Dietrich Haubenberger.
=264  \1$aNew York :$bOxford University Press,$c[2022]
=300  \\$axiii, 289 pages :$billustrations (black and white, and colour) ;$c27 cm
=336  \\$atext$2rdacontent
=336  \\$astill image$2rdacontent
=337  \\$aunmediated$2rdamedia
=338  \\$avolume$2rdacarrier
=530  \\$aAlso issued online.
=504  \\$aIncludes bibliographical references and index.
=500  \\$aFormerly CIP.$5Uk
=650  \0$aTremor.
=700  1\$aTesta, Claudia M.,$eeditor.
=700  1\$aHaubenberger, Dietrich,$eeditor.
=852  11$aBritish Library$bHMNTS$k(B)$h616.8
=852  41$aBritish Library$bHMNTS$jYK.2023.b.213
=CAT  \\$aBATCH-CIPN$b00$c20220621$lBLL01$h1700
=CAT  \\$aBATCH-UPD$b00$c20220621$lBLL01$h1707
=CAT  \\$a11014$b40$c20230523$lBLL01$h1201
=CAT  \\$a6632$b40$c20230715$lBLL01$h1410
=FIN  \\$aY$d20230523
=LAS  \\$a6632$b40$c20230715$lBLL01$h1410

