=LDR  02549cam a2200565 i 4500
=001  020704777
=003  Uk
=005  20230223144705.0
=008  201007t20212021iluab\\\\b\\\\001\0\eng\\
=FMT  \\$a  BK
=010  \\$a  2020045657
=020  \\$a9780838949733$qpaperback
=020  \\$a0838949738$qpaperback
=035  \\$a(OCoLC)1226076283
=040  \\$aDLC$beng$cDLC$dOCLCO$dOCLCF$dBDX$dYDX$dGZN$dOCLCO$dKSU$dYDX$dOCL$dOCLCO$dUk$erda
=042  \\$aukblderived
=043  \\$an-us---
=050  00$aZ675.S3$bM214 2021
=082  00$a027.8$223
=100  1\$aMadigan, Maura,$d1969-$eauthor.
=245  10$aLearning centers for school libraries /$cMaura Madigan.
=264  \1$aChicago :$bALA Editions,$c2021.
=264  \4$c©2021
=300  \\$axxix, 246 pages :$billustrations, maps ;$c26 cm.
=336  \\$atext$btxt$2rdacontent
=337  \\$aunmediated$bn$2rdamedia
=338  \\$avolume$bnc$2rdacarrier
=490  1\$aAASL standards-based learning
=504  \\$aIncludes bibliographical references and index.
=505  0\$aPart I -- Learning Centers -- Logistics -- Part II -- Maker Centers -- Technology Centers -- Literacy Centers -- Library and Research Skills Centers -- Interdisciplinary Centers.
=520  \\$a"Learning Centers for School Libraries contains detailed, step-by-step instructions and reproducible templates for over 20 learning centers"--$cProvided by publisher.
=650  \0$aSchool libraries$xActivity programs$zUnited States.
=650  \0$aSchool libraries$xActivity programs$zUnited States$vCase studies.
=650  \0$aInstructional materials centers$xActivity programs$zUnited States.
=650  \0$aInstructional materials centers$xActivity programs$zUnited States$vCase studies.
=650  \0$aLibrary orientation for school children$zUnited States.
=650  \7$aInstructional materials centers$xActivity programs.$2fast$0(OCoLC)fst02024641
=650  \7$aLibrary orientation for school children.$2fast$0(OCoLC)fst00997862
=650  \7$aSchool libraries$xActivity programs.$2fast$0(OCoLC)fst01107513
=651  \7$aUnited States.$2fast$0(OCoLC)fst01204155
=655  \7$aCase studies.$2fast$0(OCoLC)fst01423765
=830  \0$aAASL standards-based learning.
=852  41$aBritish Library$bDSC$jm22/.10961
=852  11$aBritish Library$bHMNTS$kHUR$h027.8
=CAT  \\$aCOUTTS-2$b00$c20220803$lBLL01$h2021
=CAT  \\$a11002$b40$c20220827$lBLL01$h0846
=CAT  \\$a15989$b40$c20230223$lBLL01$h1447
=FIN  \\$aY$d20220827
=SID  \\$aZ39$bOCLC
=LAS  \\$a15989$b40$c20230223$lBLL01$h1447

