=LDR  02965ccm a2200721 i 4500
=001  020725770
=003  Uk
=005  20230223173100.0
=007  qu
=008  220305t20212021enkmrl\\\hi\\\\n\\\\zxx\d
=FMT  \\$a  MU
=020  \\$a9781904856290$qvol. 29$qleather
=020  \\$a1904856292$qvol. 29$qleather
=024  3\$a9781904856290
=035  \\$a(OCoLC)1302171811$z(OCoLC)1296084643$z(OCoLC)1296118458$z(OCoLC)1298249550
=040  \\$aOHX$beng$cOHX$dTDF$dYDX$dVGM$dCRU$dOCLCO$dCOO$dGSU$dOCLCO$dOCLCF$dUk$erda
=041  0\$geng
=042  \\$aukblsr
=050  \4$aM3$b.E65 1981 v.29
=072  \7$aM$2lcco
=082  04$a784.21897$223
=100  1\$aElgar, Edward,$d1857-1934,$ecomposer.
=245  14$aThe marches /$c[Edward Elgar] ; editor: Sarah Thompson.
=264  \1$aRickmansworth, Herts :$bElgar Works,$c[2021]
=264  \4$c©2021
=300  \\$a1 score (xxxvii, 275 pages) ;$c36 cm.
=336  \\$anotated music$bntm$2rdacontent
=337  \\$aunmediated$bn$2rdamedia
=338  \\$avolume$bnc$2rdacarrier
=348  \\$ascore$b1007$2rdafnm
=348  \\$cstaff notation$d1007$2rdafmn
=380  \\$aMarches (Music)$2lcgft
=382  01$aorchestra$e1$t1$2lcmpt
=383  \\$bop. 39$bop. 32$bop. 65
=490  1\$aElgar complete edition. Series IV, Orchestral works ;$vvol. 29
=500  \\$aPreface and critical report in English.
=504  \\$aIncludes bibliographical references.
=500  \\$aAppendix contains sketches and unfinished works.
=505  0\$a1.-5. Pomp and circumstance marches, op. 39, nos. 1-5 -- 6. Imperial march, op. 32 -- 7. The coronation march, op. 65 -- 8. The empire march.
=546  \\$bStaff notation.
=650  \0$aMarches (Orchestra)$vScores.
=650  \6$aMarches (Orchestre)$vPartitions.
=650  \7$aMarches (Orchestra)$xScores.$2fast$0(OCoLC)fst01905921
=655  \7$aMarches (Music)$2fast$0(OCoLC)fst01726665
=655  \7$aNotated music.$2fast$0(OCoLC)fst01920428
=655  \7$aScores.$2fast$0(OCoLC)fst01692898
=700  1\$aThompson, Sarah,$d1989-$eeditor.
=700  12$iContainer of (work):$aElgar, Edward,$d1857-1934.$tPomp and circumstance.
=700  12$iContainer of (work):$aElgar, Edward,$d1857-1934.$tImperial march.
=700  12$iContainer of (work):$aElgar, Edward,$d1857-1934.$tCoronation march.
=700  12$iContainer of (work):$aElgar, Edward,$d1857-1934.$tPageant of empire.$pEmpire march.
=800  1\$aElgar, Edward,$d1857-1934.$tWorks.$f1981 ;$vv. 29.
=852  41$aBritish Library$bMUSIC$jI.220.h./29
=852  41$aBritish Library$bDSC$cMUSIC
=985  \\$aUpdated by MS generated file for WR2302-017
=CAT  \\$a11373$b40$c20220824$lBLL01$h0847
=CAT  \\$aMFISHER$b40$c20220902$lBLL01$h1638
=CAT  \\$aMFISHER$b40$c20220902$lBLL01$h1639
=CAT  \\$aMFISHER$b40$c20220902$lBLL01$h1640
=CAT  \\$aW2302-0174$c20230223$lBLL01$h2103
=FIN  \\$aY$d20220902
=SID  \\$aZ39$bOCLC
=LAS  \\$aW2302-0174$b00$c20230223$lBLL01$h2103

