=LDR  01806cam a22004817i 4500
=001  020662575
=003  Uk
=005  20230924064834.0
=008  220626s2022\\\\gw\\\\\\\b\\\\001\0\ger\d
=FMT  \\$a  BK
=016  7\$a1254672524$2DE-101
=020  \\$a9783110763249$qv. 2$qhardbound
=020  \\$a3110763249
=024  3\$a9783110763249
=035  \\$a(OCoLC)1333179544
=040  \\$aOHX$beng$cOHX$dUk$erda
=042  \\$aukblcatcopy
=072  \7$aBR$2lcco
=072  \7$aZ$2lcco
=100  1\$aAmbrose, Saint, Bishop of Milan.
=245  10$aOrationes funebres--II. De excessu fratris libri II (liber secundus: De resurrectione) /$cAmbrosius Mediolanensis ; ediert von Victoria Zimmerl-Panagl.
=264  \1$aBerlin :$bDe Gruyter,$c[2022]
=264  \4$c©2022
=300  \\$aviii, 224 pages ;$c25 cm.
=336  \\$atext$btxt$2rdacontent
=337  \\$aunmediated$bn$2rdamedia
=338  \\$avolume$bnc$2rdacarrier
=490  0\$aCorpus scriptorum ecclesiasticorum latinorum,$x1816-3882 ;$vBand 107
=504  \\$aIncludes bibliographical references (pages 207-216) and index.
=546  \\$aOriginal text in Latin; critical matter in German.
=540  \\$aBritish Library not licensed to copy$c0$5Uk
=776  08$iPDF version$z9783110764192
=852  11$aBritish Library$bHMNTS$cSPHOA$kMSS.$270
=852  41$aBritish Library$bHMNTS$jZF.9.a.11298
=852  41$aBritish Library$bDSC$j3472.131000
=CAT  \\$a11029$b40$c20220630$lBLL01$h1053
=CAT  \\$a11029$b40$c20220630$lBLL01$h1054
=CAT  \\$aBATCH-CLA$b00$c20220701$lBLL01$h0105
=CAT  \\$aW2308-1659$c20230923$lBLL01$h1140
=CAT  \\$aBATCH-CLA$b00$c20230924$lBLL01$h0648
=CFI  0\$aBritish Library not licensed to copy$c0$e07-sep-2011$hC$iTX$5Uk
=SID  \\$aZ39$bOCLC
=LAS  \\$aBATCH-CLA$b00$c20230924$lBLL01$h0648

