=LDR  02208ccm a2200637 i 4500
=001  020806655
=003  Uk
=005  20230905111010.0
=008  211211t20212021gw\uul\\\e\\\\\n\\\\zxx\d
=FMT  \\$a  MU
=024  10$a842819113553$qsaddle stitched
=024  2\$aM001212281$qsaddle stitched
=024  2\$a9790001212281$qsaddle stitched
=028  32$aED 23387$bSchott
=028  32$a59 864$bSchott
=035  \\$a(GyWOH)har215022453
=035  \\$a(OCoLC)1288309371
=040  \\$aOHX$beng$cOHX$dUIU$dINU$dOCLCO$dOCLCF$dOCLCO$dNYP$dTKN$dLRU$dCLU$dUk$erda
=041  0\$geng$gger
=042  \\$aukblsr
=046  \\$as$k2009$2edtf
=050  \4$aM25.K368$bG6 2021
=072  \7$aM$2lcco
=082  04$a786.2$223
=100  1\$aKapustin, Nikolaĭ,$d1937-2020,$ecomposer.
=245  10$aGood intention :$b(2009), for piano = für Klavier = dli︠a︡ fortepiano, opus 137 /$cNikolai Kapustin = Nikolaĭ Kapustin.
=250  \\$aAuthorized version.
=264  \1$aMainz ;$aLondon ;$aMadrid ;$aParis ;$aNew York ;$aTokyo ;$aBeijing :$bSchott,$c[2021]
=264  \4$c©2021
=300  \\$a1 score (12 pages) :$bportrait (black and white) ;$c31 cm
=336  \\$anotated music$bntm$2rdacontent
=337  \\$aunmediated$bn$2rdamedia
=338  \\$avolume$bnc$2rdacarrier
=348  \\$ascore$2rdafnm
=348  \\$cstaff notation$2rdafmn
=382  01$apiano$n1$s1$2lcmpt
=383  \\$bop. 137
=500  \\$aBiographical notes in English and German.
=650  \0$aPiano music.
=650  \6$aPiano, Musique de.
=650  \7$aPiano music.$2fast$0(OCoLC)fst01063403
=655  \7$aArt music.$2lcgft
=655  \7$aScores.$2lcgft
=655  \7$aArt music.$2fast$0(OCoLC)fst01920007
=655  \7$aScores.$2fast$0(OCoLC)fst01692898
=655  \7$aPartitions (Musique)$2rvmgf
=655  \7$aMusique savante.$2rvmgf
=852  41$aBritish Library$bDSC$cMUSIC
=852  41$aBritish Library$bDSC$cMUSIC$jH06/.20608
=CAT  \\$aBATCH-HARR$b00$c20221115$lBLL01$h0940
=CAT  \\$aBATCH-UPD$b00$c20221115$lBLL01$h0940
=CAT  \\$a8870$b40$c20230905$lBLL01$h1110
=FIN  \\$aY$d20230905
=SID  \\$aZ39$bOCLC
=SRC  \\$aHarrassowitz - Supplier
=LAS  \\$a8870$b40$c20230905$lBLL01$h1110

