=LDR  01877cam a2200481 i 4500
=001  020811606
=003  Uk
=005  20230628162421.0
=008  221118m20229999enka\\\\\b\\\|0|0\0|eng\\
=FMT  \\$a  BK
=015  \\$aGBC3A3863$2bnb
=016  7\$a020811606$2Uk
=020  \\$a9781739718503$qv. 1 (first edition)
=020  \\$a9781739718510$qv. 1 (second edition)$qpaperback
=020  \\$a9781739718527$qv. 2$qpaperback
=020  \\$a9781739718534$qv. 3$qpaperback
=020  \\$a9781739718541$qv. 4$qpaperback
=020  \\$a9781739718565$qv. 5$qpaperback
=020  \\$a9781739718572$qv. 6$qpaperback
=040  \\$aUk$beng$cUk$erda
=042  \\$aukblsr
=082  04$a782.421622$223
=100  1\$aSinfield, Karl,$ecompiler,$eauthor.
=245  10$aSing yonder :$btraditional folk song for beginners /$ccompiled, written and designed by Karl Sinfield.
=264  \1$aHigh Peak, UK :$bSing Yonder Publications,$cFebruary 2022-
=300  \\$avolumes :$billustrations (black and white) ;$c21 cm
=336  \\$atext$2rdacontent
=336  \\$anotated music$2rdacontent
=337  \\$aunmediated$2rdamedia
=338  \\$avolume$2rdacarrier
=504  \\$aIncludes bibliographical references.
=505  1\$av. 1. Simple contemporary settings for songs 1-10 in the Roud index -- v. 2. Simple contemporary settings for songs 11-20 in the Roud index.
=650  \7$aFolk songs, English.$2fast$0(OCoLC)fst00929875
=655  \7$aFolk songs.$2fast$0(OCoLC)fst01726618
=655  \7$aScores.$2fast$0(OCoLC)fst01692898
=852  41$aBritish Library$bHMNTS$ivol. 1
=852  41$aBritish Library$bHMNTS$jYKL.2023.a.19100
=CAT  \\$a16128$b40$c20221118$lBLL01$h0817
=CAT  \\$aBATCH-016$c20221123$lBLL01$h2157
=CAT  \\$a8964$b40$c20230602$lBLL01$h1135
=CAT  \\$a6989$b40$c20230628$lBLL01$h1624
=FIN  \\$aY$d20230602
=LAS  \\$a6989$b40$c20230628$lBLL01$h1624

