=LDR  05408cam a2200601 i 4500
=001  020851824
=003  Uk
=005  20230413091847.0
=008  220531s2022\\\\ilua\\\\\b\\\|0|0\0|eng\\
=FMT  \\$a  BK
=010  \\$a2022935327
=015  \\$aGBC373596$2bnb
=016  7\$a020851824$2Uk
=020  \\$a9780838939154$qpaperback
=035  \\$a(OCoLC)1322068789$z(OCoLC)1309958949$z(OCoLC)1310076403$z(OCoLC)1310151533$z(OCoLC)1310398910
=040  \\$aVTU$beng$cVTU$dVTU$dSGB$dORE$dYDX$dORE$dNHS$dNGU$dKSU$dBDX$dUk$erda
=042  \\$aukblsr
=050  \4$aZ678$b.I57 2022
=082  04$a025.1$223
=245  00$aInterim leadership in libraries :$bbuilding relationships, making decisions, and moving on /$cedited by Jennifer E. Knievel and Leslie J. Reynolds.
=264  \1$aChicago, Illinois :$bAssociation of College & Research Libraries, a division of the American Library Association,$c2022.
=300  \\$axi, 233 pages :$billustrations (black and white) ;$c23 cm
=336  \\$atext$2rdacontent
=337  \\$aunmediated$2rdamedia
=338  \\$avolume$2rdacarrier
=505  0\$aIntroduction : Question your assumptions about interim leadership / Jennifer E. Knievel, Leslie J. Reynolds -- Section I : Building relationships for interim leaders. Interim leadership by the numbers : leadership turnover in academic libraries / Jennifer E. Knievel -- The "double dean" : embracing the unexpected opportunities of a non-librarian interim dean / L. Angie Ohler, Adriana Gonzalez, Lynda Coon -- Building trust : the reluctant interim / Edward A. (Tony) Brewer -- Section II : Leading with confidence. "Acting up," or just acting? / Rebecca Hutchins -- When the real dean gets here / Deirdre A. Scaggs -- Overcoming interim inertia / Lisa Tyson -- Finding the way forward : expectations for interim law library directors / Billie Jo Kaufman, James M. Donovan -- Section III : Making long-term decisions as an interim leader. Taking the wheel in choppy waters : leading transformational change as an interim head during a crisis / Suzanne Wones, Claire DeMarco --
=520  \\$a"It's common for libraries to use visiting, interim, temporary, and acting roles to solve a variety of personnel vacancies. And with the current, widespread retirements and turnover at the most senior levels of library leadership, more and more libraries are being led by interim leaders. Interim Leadership in Libraries: Building Relationships, Making Decisions, and Moving On draws on evidence-based research, professional expertise, and personal experience to address the practical implications that arise from the decision to appoint interim leaders. Authors from a variety of institutions who have served in many different interim roles explore this unique type of leadership in five thorough sections ... Chapters cover topics including serving as a non-librarian interim, leading through a hiring freeze, strategic planning and reorganization as interim, and developing future library leaders"--$cProvided by publisher.
=504  \\$aIncludes bibliographical references.Tackling a reorganization as an interim administrator / Vickery Kaye Lebbin -- Strategic planning in times of transition : when interim becomes the strategy / Katy B. Mathuews, Miriam Nelson, Hanna Schmillen -- Section IV : Leading through contraction : when no one can be hired. Avoiding freezer burn : before, during, and after of a hiring freeze / Karen Rupp-Serrano -- Caught in red tape : changing administrations, multiple vacancies, and interim leadership in federal libraries / Kari Anderson, M. Kathleen Kern -- Interim management during a hiring freeze, salary freeze, and salary reduction / Shelly McCoy -- Section V : Moving on : when the dust settles. Developing prospective interim and future academic library leaders : reflections for leadership practice / Denise Stephens -- How much do you really want to know? : When the interim dean onboards the new dean and offboards themselves / Leslie J. Reynolds, Holly E. Jeffcoat --What now? : Reflections on when you are no longer the interim leader / Jennifer E. Knievel, Leslie J. Reynolds -- Biographies.
=650  \0$aLibrary administration.
=650  \0$aInterim executives.
=650  \0$aLeadership.
=650  \0$aLibraries.
=650  \7$aInterim executives.$2fast$0(OCoLC)fst00976312
=650  \7$aLeadership.$2fast$0(OCoLC)fst00994701
=650  \7$aLibraries.$2fast$0(OCoLC)fst00997341
=650  \7$aLibrary administration.$2fast$0(OCoLC)fst00997606
=700  1\$aKnievel, Jennifer E.,$eeditor.
=700  1\$aReynolds, Leslie J.,$eeditor.
=710  2\$aAssociation of College and Research Libraries,$epublisher.
=776  08$iOnline version:$tInterim leadership in libraries.$w(OCoLC)1314613507$dChicago, Illinois : Association of College & Research Libraries, [2022]$z0838939163
=852  11$aBritish Library$bHMNTS$kHUR$h025.1
=852  41$aBritish Library$bHMNTS$jYD.2023.a.1139
=CAT  \\$a6503$b40$c20230105$lBLL01$h1410
=CAT  \\$a15811$b40$c20230119$lBLL01$h1047
=CAT  \\$aBATCH-016$c20230125$lBLL01$h2142
=CAT  \\$a15989$b40$c20230216$lBLL01$h1559
=CAT  \\$a10904$b40$c20230220$lBLL01$h0852
=CAT  \\$aBATCH-016$c20230222$lBLL01$h2152
=CAT  \\$a9666$b40$c20230413$lBLL01$h0917
=CAT  \\$a9666$b40$c20230413$lBLL01$h0918
=FIN  \\$aY$d20230216
=SID  \\$aZ39$bOCLC
=LAS  \\$a9666$b40$c20230413$lBLL01$h0918

