=LDR  01390ncm a2200421 i 4500
=001  020872338
=003  Uk
=005  20230118102545.0
=008  230118t19311931enkptl\\\||||||n\\\\eng\\
=FMT  \\$a  MU
=028  22$a61256$bJ. Curwen & Sons
=040  \\$aUk$beng$cUk$erda
=042  \\$aukblsr
=082  04$a782.542$223
=100  1\$aWarren, Ivor,$ecomposer.
=245  10$aSweet Suffolk owl :$bpart song for mixed voices (unaccompanied) /$cmusic by Ivor Warren ; poem anon., period James I.
=264  \1$aLondon :$bJ. Curwen & Sons,$c[1931]
=264  \4$c©1931
=300  \\$a1 score (3 pages) ;$c26 cm.
=336  \\$anotated music$2rdacontent
=337  \\$aunmediated$2rdamedia
=338  \\$avolume$2rdacarrier
=348  \\$ascore$2rdafnm
=348  \\$cstaff notation$2rdafmn
=382  01$amixed chorus$vSATB$e1$2lcmpt
=490  0\$aCurwen edition
=500  \\$aFor unaccompanied mixed chorus.
=500  \\$aIncludes piano accompaniment for rehearsal only.
=546  \\$aEnglish words.
=500  \\$aTitle from caption.
=655  \7$aPart songs.$2fast$0(OCoLC)fst01920272
=830  \0$aChoral handbook ;$vno. 1256.
=852  41$aBritish Library$bDSC$cMUSIC
=852  41$aBritish Library$bMUSIC$jE.862./1256
=CAT  \\$a8870$b40$c20230118$lBLL01$h1021
=CAT  \\$a8870$b40$c20230118$lBLL01$h1025
=FIN  \\$aY$d20230118
=LAS  \\$a8870$b40$c20230118$lBLL01$h1025

