=LDR  01971nam a22004691a 4500
=001  020945815
=003  Uk
=005  20230202142935.0
=008  990125s1997\\\\cc\a\\\\\d\\\\000\0\chi\d
=FMT  \\$a  BK
=020  \\$a7100034159
=035  \\$a(OCoLC)777320181
=040  \\$aZ5U$beng$cZ5U$dOCLCF$dOCLCO$dOCLCQ$dOCLCO$dUk
=041  0\$achi$aeng
=042  \\$aukblderived
=100  1\$aHornby, Albert Sydney,$eauthor.
=245  10$6880-01$aNiujin gao jie ying han shuang jie ci dian =$bOxford advanced learner's English-Chinese dictionary /$cHuo Enbi (A.S. Hornby) yuan zhu ; Li Beida bian yi.
=260  \\$aBeijing :$bShang wu yin shu guan ;$aXianggang :$bNiujin da xue chu ban she,$c1997.
=300  \\$axxx, 1910 pages :$billustrations ;$c22 cm
=336  \\$atext$btxt$2rdacontent
=337  \\$aunmediated$bn$2rdamedia
=338  \\$avolume$bnc$2rdacarrier
=546  \\$aChinese and English.
=650  \0$aEnglish language$vDictionaries$xChinese.
=650  \0$aChinese language$vDictionaries$xEnglish.
=650  \7$aChinese language.$2fast$0(OCoLC)fst00857383
=650  \7$aEnglish language.$2fast$0(OCoLC)fst00910920
=655  \7$aDictionaries.$2fast$0(OCoLC)fst01423826
=700  1\$6880-03,$aLi, Beida.$etranslator.
=880  \\$6260-02$a北京 :$b商務印書館$a香港:$b牛津大學出版社,$c[2002]
=880  10$6245-01$a牛津高階英漢雙解詞典 =$bOxford advanced learner's English-Chinese dictionary$c霍恩比(A.S. Hornby)原著 ; 李北達編譯.
=880  1\$6700-03$a李北達,$etranslator.
=852  41$aBritish Library$bOC$jCHI.2002.a.333
=852  41$aBritish Library$bOC$pCHI.2002.a.335
=852  41$aBritish Library$bOC$jCHI.2002.a.334
=CAT  \\$a14716$b40$c20230202$lBLL01$h0950
=CAT  \\$a14716$b40$c20230202$lBLL01$h0955
=CAT  \\$a14716$b40$c20230202$lBLL01$h1424
=CAT  \\$a14716$b40$c20230202$lBLL01$h1429
=FIN  \\$aY$d20230202
=SID  \\$aZ39$bOCLC
=LAS  \\$a14716$b40$c20230202$lBLL01$h1429

