=LDR  01594cam a2200421 i 4500
=001  020995351
=003  Uk
=005  20230328105349.0
=008  230320s2022\\\\enkab\\\\b\\\|0|0\0|eng\\
=FMT  \\$a  BK
=015  \\$aGBC361503$2bnb
=016  7\$a020995351$2Uk
=040  \\$aUk$beng$cUk$erda
=042  \\$aukblsr
=082  04$a929.20941$223
=100  1\$aNormand, Christopher,$ecompiler.
=245  10$aGough mixture :$ba revised history of our Gough family /$ccompiled by Christopher Normand.
=264  \1$a[Great Britain] :$b[Christopher Normand],$c2022.
=300  \\$a2 volumes :$billustrations (black and white), maps (black and white) ;$c30 cm +$e1 SD card
=336  \\$atext$2rdacontent
=337  \\$aunmediated$2rdamedia
=337  \\$acomputer$2rdamedia
=338  \\$avolume$2rdacarrier
=338  \\$acomputer card$2rdacarrier
=500  \\$aSD card in pocket attached to inside cover of vol. 2.
=500  \\$aSD card contains vol. 3 (descendancy charts) and vol. 4 (photographs).
=504  \\$aIncludes bibliographical references.
=600  37$aGoff family.$2fast$0(OCoLC)fst00213201
=655  \7$aHistory.$2fast$0(OCoLC)fst01411628
=655  \7$aBiographies.$2fast$0(OCoLC)fst01919896
=852  41$aBritish Library$bHMNTS$iSD card
=852  41$aBritish Library$bHMNTS$jEMC.2023.b.1185$ivol. 1
=852  41$aBritish Library$bHMNTS$jEMC.2023.b.1186$ivol. 2
=CAT  \\$a15811$b40$c20230320$lBLL01$h0934
=CAT  \\$aBATCH-016$c20230322$lBLL01$h2148
=CAT  \\$a11250$b40$c20230328$lBLL01$h1053
=FIN  \\$aY$d20230328
=LAS  \\$a11250$b40$c20230328$lBLL01$h1053

