=LDR  03218ccm a22006973i 4500
=001  021049680
=003  Uk
=005  20230531153659.0
=008  230422t20232023au\uul\\\\\\\\\n\\\\zxx\d
=FMT  \\$a  MU
=020  \\$a9783850558105$qsaddle stitched
=020  \\$a385055810X
=024  3\$a9783850558105
=024  2\$aM500574316$qsaddle stitched
=024  2\$a9790500574316$qsaddle stitched
=028  30$aUT 52013$bWiener Urtext Edition
=035  \\$a(OCoLC)1377003782
=040  \\$aOHX$beng$cOHX$dUk$erda
=042  \\$aukblsr
=072  \7$aM$2lcco
=082  04$a786.2$223
=245  00$a25 leichte Klavierstücke mit Übetipps =$b25 easy piano pieces with practice tips /$c9 Komponistinnen aus 3 Jahrhunderten = 9 female composers from 3 centuries ; ausgewählt und kommentiert von Nils Franke.
=246  3\$a25 easy piano pieces with practice tips
=250  \\$aErste Auflage.
=264  \1$aWien :$bWiener Urtext Edition,$c2023.
=264  \4$c©2023
=300  \\$a1 score (64 pages) ;$c31 cm.
=336  \\$anotated music$bntm$2rdacontent
=337  \\$aunmediated$bn$2rdamedia
=338  \\$avolume$bnc$2rdacarrier
=348  \\$ascore$2rdafnm
=348  \\$cstaff notation$2rdafmn
=382  01$apiano$n1$s1$2lcmpt
=490  1\$aUrtext primo ;$v7
=500  \\$aCommentary with biographical notes in German and English.
=505  0\$aGavotta ; Giga ; March ; Cariglion ; Tambourin / Elisabetta de Gambarini -- Tempo di minuetto / Marianna von Martines -- Étude op. 42/1 ; Étude op. 50/10 ; Étude op. 50/11 ; Étude op. 50/18 ; Étude op. 50/4 / Louise Farrenc -- Pastorella ; Übungsstück / Fanny Hensel -- Romanze op. 21/2 ; Scherzo op. 15/4 / Clara Schumann -- Grisaille ; En querelle ; On pleure ; On rêve au beau temps ; Chanson berçante / Marie Jaëll -- Yo te adoro (Tango) / Chiquinha Gonzaga -- Frère Jacques ; Bébé s'endort ; Méditation / Mélanie Bonis -- D'un jardin clair / Lili Boulanger.
=650  \7$aMusic by women composers.$2fast$0(OCoLC)fst01030520
=655  \7$aArt music.$2fast$0(OCoLC)fst01920007
=700  1\$aFranke, Nils$c(Pianist),$eeditor.
=700  1\$aDe Gambarini, Elisabetta,$d1731-1765,$ecomposer.
=700  1\$aMartinez, Marianne,$d1744-1812,$ecomposer.
=700  1\$aFarrenc, Louise,$d1804-1875,$ecomposer.
=700  1\$aHensel, Fanny Mendelssohn,$d1805-1847,$ecomposer.
=700  1\$aSchumann, Clara,$d1819-1896,$ecomposer.
=700  1\$aJaëll, Marie,$d1846-1925,$ecomposer.
=700  1\$aGonzaga, Chiquinha,$d1847-1935,$ecomposer.
=700  1\$aBonis, Mél,$ecomposer.
=700  1\$aBoulanger, Lili,$d1893-1918,$ecomposer.
=830  \0$aUrtext Primo ;$v7.
=852  41$aBritish Library$bDSC$cMUSIC
=852  \\$aBritish Library$bMUSIC$jNot yet available
=CAT  \\$a13935$b40$c20230510$lBLL01$h1504
=CAT  \\$aBATCH-UPD$b40$c20230510$lBLL01$h1504
=CAT  \\$a8870$b40$c20230511$lBLL01$h1451
=CAT  \\$aMFISHER$b40$c20230531$lBLL01$h1523
=CAT  \\$aMFISHER$b40$c20230531$lBLL01$h1531
=CAT  \\$aMFISHER$b40$c20230531$lBLL01$h1535
=CAT  \\$aMFISHER$b40$c20230531$lBLL01$h1536
=FIN  \\$aY$d20230531
=SID  \\$aZ39$bOCLC
=LAS  \\$aMFISHER$b40$c20230531$lBLL01$h1536

