=LDR  02466ccm a22006613i 4500
=001  021049684
=003  Uk
=005  20230531164009.0
=008  230422t20232023au\snl\\\\\\\\\n\\\\zxx\d
=FMT  \\$a  MU
=020  \\$a9783850558129$qsaddle stitched
=020  \\$a3850558126
=024  3\$a9783850558129
=024  2\$aM500574330$qsaddle stitched
=024  2\$a9790500574330$qsaddle stitched
=028  30$aUT 50439$bWiener Urtext Edition
=035  \\$a(OCoLC)1377003348
=040  \\$aOHX$beng$cOHX$dUk$erda
=041  0\$gger$geng$gfre
=042  \\$aukblsr
=072  \7$aM$2lcco
=082  04$a786.2183$223
=100  1\$aBeethoven, Ludwig van,$d1770-1827,$ecomposer.
=240  10$aSonatas,$mpiano,$nno. 26, op. 81a,$rE♭ major
=245  10$aKlaviersonate op. 81a /$cLudwig van Beethoven ; nach den Quellen herausgegeben von Peter Hauschild, revidiert von Jochen Reutter ; Fingersätze von Pavel Gililov ; Hinweise zur Interpretation von Carl Czerny.
=246  3\$aPiano sonata op. 81a
=246  31$aSonate pour piano op. 81a:Les adieux
=250  \\$aErste Auflage.
=264  \1$aWien :$bWiener Urtext Edition,$c2023.
=264  \4$c©2023
=300  \\$a1 score (xv, 26 pages) :$b1 facsimile ;$c31 cm.
=336  \\$anotated music$bntm$2rdacontent
=337  \\$aunmediated$bn$2rdamedia
=338  \\$avolume$bnc$2rdacarrier
=348  \\$ascore$2rdafnm
=348  \\$cstaff notation$2rdafmn
=382  01$apiano$n1$s1$2lcmpt
=490  1\$aWiener Urtext Edition
=500  \\$aPreface and notes on interpretation in German, English and French.
=500  \\$aCritical commentary in German and English.
=655  \7$aSonatas.$2fast$0(OCoLC)fst01920363
=655  \7$aChamber music.$2fast$0(OCoLC)fst01726551
=700  1\$aHauschild, Peter$c(Musicologist),$eeditor.
=700  1\$aReutter, Jochen,$d1958-$eeditor.
=700  1\$aGililov, Pavel,$eeditor.
=700  1\$aCzerny, Carl,$d1791-1857,$eeditor.
=830  \0$aWiener Urtext Edition.
=852  41$aBritish Library$bDSC$cMUSIC
=852  \\$aBritish Library$bMUSIC$jNot yet available
=CAT  \\$a13935$b40$c20230510$lBLL01$h1515
=CAT  \\$a8870$b40$c20230511$lBLL01$h1436
=CAT  \\$aMFISHER$b40$c20230531$lBLL01$h1637
=CAT  \\$aMFISHER$b40$c20230531$lBLL01$h1638
=CAT  \\$aMFISHER$b40$c20230531$lBLL01$h1639
=CAT  \\$aMFISHER$b40$c20230531$lBLL01$h1640
=FIN  \\$aY$d20230531
=SID  \\$aZ39$bOCLC
=LAS  \\$aMFISHER$b40$c20230531$lBLL01$h1640

