=LDR  02479ccm a2200661 i 4500
=001  021063653
=003  Uk
=005  20231017151630.0
=008  220820t20202020enk||k\\\i\\\\\n\\\\eng\d
=FMT  \\$a  MU
=020  \\$a9780193523005$qpaperback
=020  \\$a0193523000
=024  3\$a9780193523005
=028  32$aBC238$bOxford University Press
=035  \\$a(OCoLC)1341506009
=040  \\$aOHX$beng$cOHX$dINU$dIBZ$dHUL$dOCLCF$dUk$erda
=042  \\$aukblsr
=050  \4$aM1995
=072  \7$aM$2lcco
=082  04$a782.1$223
=100  1\$aChilcott, Bob,$ecomposer.
=240  10$aBirdland.$sVocal score
=245  10$aBirdland :$ba musical drama for soloists, unison voices, SATB chorus, and instrumental ensemble /$cBob Chilcott ; story and texts by Charles Bennett.
=250  \\$aVocal score.
=264  \1$aOxford :$bOxford University Press,$c[2020]
=264  \4$c©2020
=300  \\$a1 vocal score (v, 109 pages) ;$c28 cm
=306  \\$a004500
=336  \\$anotated music$bntm$2rdacontent
=337  \\$aunmediated$bn$2rdamedia
=338  \\$avolume$bnc$2rdacarrier
=348  \\$avocal score$b1011$2rdafnm
=348  \\$cstaff notation$d1007$2rdafmn
=500  \\$aAll soloists' parts to be sung by high treble voices (children's voices), with unison chorus, mixed chorus (SATB), and instrumental ensemble; instrumental accompaniment arranged for piano.
=546  \\$bStaff notation.
=500  \\$aDuration: approximately 45 min.
=500  \\$aIncludes program notes by composer in English.
=650  \0$aOperas$vJuvenile$vVocal scores with piano.
=650  \7$aOperas.$2fast$0(OCoLC)fst01046191
=655  \7$aArt music.$2fast$0(OCoLC)fst01920007
=655  \7$aOperas.$2fast$0(OCoLC)fst01726688
=655  \7$aVocal scores.$2fast$0(OCoLC)fst01692914
=655  \7$aOperas.$2lcgft
=655  \7$aArt music.$2lcgft
=655  \7$aVocal scores.$2lcgft
=700  1\$aBennett, Charles,$d1954-$elibrettist.
=852  41$aBritish Library$bMUSIC$jNot yet available.
=852  \\$aBritish Library$bDSC$cMUSIC
=CAT  \\$aMFISHER$b40$c20230524$lBLL01$h1546
=CAT  \\$aMFISHER$b40$c20230524$lBLL01$h1548
=CAT  \\$aBATCH-HARR$b00$c20231003$lBLL01$h0732
=CAT  \\$a16024$b40$c20231017$lBLL01$h1120
=CAT  \\$a16024$b40$c20231017$lBLL01$h1130
=CAT  \\$a16024$b40$c20231017$lBLL01$h1211
=CAT  \\$a16024$b40$c20231017$lBLL01$h1516
=FIN  \\$aY$d20231017
=SID  \\$aZ39$bOCLC
=LAS  \\$a16024$b40$c20231017$lBLL01$h1516

